%YAML 1.1
%TAG !u! tag:unity3d.com,2011:
--- !u!1001 &100100000
Prefab:
  m_ObjectHideFlags: 1
  serializedVersion: 2
  m_Modification:
    m_TransformParent: {fileID: 0}
    m_Modifications: []
    m_RemovedComponents: []
  m_ParentPrefab: {fileID: 0}
  m_RootGameObject: {fileID: 1028219271161876}
  m_IsPrefabParent: 1
--- !u!1 &1028219271161876
GameObject:
  m_ObjectHideFlags: 0
  m_PrefabParentObject: {fileID: 0}
  m_PrefabInternal: {fileID: 100100000}
  serializedVersion: 5
  m_Component:
  - component: {fileID: 4358593073685992}
  m_Layer: 0
  m_Name: BalloonBase
  m_TagString: Untagged
  m_Icon: {fileID: 0}
  m_NavMeshLayer: 0
  m_StaticEditorFlags: 0
  m_IsActive: 1
--- !u!1 &1115548357815472
GameObject:
  m_ObjectHideFlags: 0
  m_PrefabParentObject: {fileID: 0}
  m_PrefabInternal: {fileID: 100100000}
  serializedVersion: 5
  m_Component:
  - component: {fileID: 4405703740635898}
  - component: {fileID: 137976968105772632}
  m_Layer: 0
  m_Name: Balloon17
  m_TagString: Untagged
  m_Icon: {fileID: 0}
  m_NavMeshLayer: 0
  m_StaticEditorFlags: 0
  m_IsActive: 1
--- !u!1 &1216788418696620
GameObject:
  m_ObjectHideFlags: 0
  m_PrefabParentObject: {fileID: 0}
  m_PrefabInternal: {fileID: 100100000}
  serializedVersion: 5
  m_Component:
  - component: {fileID: 4539624451472266}
  - component: {fileID: 137012501285044318}
  m_Layer: 0
  m_Name: Balloon15
  m_TagString: Untagged
  m_Icon: {fileID: 0}
  m_NavMeshLayer: 0
  m_StaticEditorFlags: 0
  m_IsActive: 1
--- !u!1 &1230393249445570
GameObject:
  m_ObjectHideFlags: 0
  m_PrefabParentObject: {fileID: 0}
  m_PrefabInternal: {fileID: 100100000}
  serializedVersion: 5
  m_Component:
  - component: {fileID: 4062242990988660}
  - component: {fileID: 137079810635301326}
  m_Layer: 0
  m_Name: Balloon16
  m_TagString: Untagged
  m_Icon: {fileID: 0}
  m_NavMeshLayer: 0
  m_StaticEditorFlags: 0
  m_IsActive: 1
--- !u!1 &1316469326577334
GameObject:
  m_ObjectHideFlags: 0
  m_PrefabParentObject: {fileID: 0}
  m_PrefabInternal: {fileID: 100100000}
  serializedVersion: 5
  m_Component:
  - component: {fileID: 4163068301531184}
  - component: {fileID: 137120084969253154}
  m_Layer: 0
  m_Name: Balloon02
  m_TagString: Untagged
  m_Icon: {fileID: 0}
  m_NavMeshLayer: 0
  m_StaticEditorFlags: 0
  m_IsActive: 1
--- !u!1 &1381021477229854
GameObject:
  m_ObjectHideFlags: 0
  m_PrefabParentObject: {fileID: 0}
  m_PrefabInternal: {fileID: 100100000}
  serializedVersion: 5
  m_Component:
  - component: {fileID: 4040047202483692}
  - component: {fileID: 137999083240045554}
  m_Layer: 0
  m_Name: Balloon13
  m_TagString: Untagged
  m_Icon: {fileID: 0}
  m_NavMeshLayer: 0
  m_StaticEditorFlags: 0
  m_IsActive: 1
--- !u!1 &1383345846676664
GameObject:
  m_ObjectHideFlags: 0
  m_PrefabParentObject: {fileID: 0}
  m_PrefabInternal: {fileID: 100100000}
  serializedVersion: 5
  m_Component:
  - component: {fileID: 4759692473769538}
  - component: {fileID: 137014391550281536}
  m_Layer: 0
  m_Name: Balloon04
  m_TagString: Untagged
  m_Icon: {fileID: 0}
  m_NavMeshLayer: 0
  m_StaticEditorFlags: 0
  m_IsActive: 1
--- !u!1 &1393887068486670
GameObject:
  m_ObjectHideFlags: 0
  m_PrefabParentObject: {fileID: 0}
  m_PrefabInternal: {fileID: 100100000}
  serializedVersion: 5
  m_Component:
  - component: {fileID: 4546105753833928}
  - component: {fileID: 137666804080912904}
  m_Layer: 0
  m_Name: Balloon09
  m_TagString: Untagged
  m_Icon: {fileID: 0}
  m_NavMeshLayer: 0
  m_StaticEditorFlags: 0
  m_IsActive: 1
--- !u!1 &1552371365103296
GameObject:
  m_ObjectHideFlags: 0
  m_PrefabParentObject: {fileID: 0}
  m_PrefabInternal: {fileID: 100100000}
  serializedVersion: 5
  m_Component:
  - component: {fileID: 4757124058599192}
  - component: {fileID: 137420925328486282}
  m_Layer: 0
  m_Name: Balloon08
  m_TagString: Untagged
  m_Icon: {fileID: 0}
  m_NavMeshLayer: 0
  m_StaticEditorFlags: 0
  m_IsActive: 1
--- !u!1 &1585022096191552
GameObject:
  m_ObjectHideFlags: 0
  m_PrefabParentObject: {fileID: 0}
  m_PrefabInternal: {fileID: 100100000}
  serializedVersion: 5
  m_Component:
  - component: {fileID: 4552239647389730}
  - component: {fileID: 137592582346168490}
  m_Layer: 0
  m_Name: Balloon06
  m_TagString: Untagged
  m_Icon: {fileID: 0}
  m_NavMeshLayer: 0
  m_StaticEditorFlags: 0
  m_IsActive: 1
--- !u!1 &1597077063221576
GameObject:
  m_ObjectHideFlags: 0
  m_PrefabParentObject: {fileID: 0}
  m_PrefabInternal: {fileID: 100100000}
  serializedVersion: 5
  m_Component:
  - component: {fileID: 4725538129209376}
  - component: {fileID: 137046421726207522}
  m_Layer: 0
  m_Name: Balloon01
  m_TagString: Untagged
  m_Icon: {fileID: 0}
  m_NavMeshLayer: 0
  m_StaticEditorFlags: 0
  m_IsActive: 1
--- !u!1 &1688706881795534
GameObject:
  m_ObjectHideFlags: 0
  m_PrefabParentObject: {fileID: 0}
  m_PrefabInternal: {fileID: 100100000}
  serializedVersion: 5
  m_Component:
  - component: {fileID: 4887684344831800}
  - component: {fileID: 137840860985096768}
  m_Layer: 0
  m_Name: Balloon14
  m_TagString: Untagged
  m_Icon: {fileID: 0}
  m_NavMeshLayer: 0
  m_StaticEditorFlags: 0
  m_IsActive: 1
--- !u!1 &1732814226528754
GameObject:
  m_ObjectHideFlags: 0
  m_PrefabParentObject: {fileID: 0}
  m_PrefabInternal: {fileID: 100100000}
  serializedVersion: 5
  m_Component:
  - component: {fileID: 4457935242358926}
  - component: {fileID: 137342223734510742}
  m_Layer: 0
  m_Name: Balloon05
  m_TagString: Untagged
  m_Icon: {fileID: 0}
  m_NavMeshLayer: 0
  m_StaticEditorFlags: 0
  m_IsActive: 1
--- !u!1 &1778241123354456
GameObject:
  m_ObjectHideFlags: 0
  m_PrefabParentObject: {fileID: 0}
  m_PrefabInternal: {fileID: 100100000}
  serializedVersion: 5
  m_Component:
  - component: {fileID: 4613940177079566}
  - component: {fileID: 137634786053970732}
  m_Layer: 0
  m_Name: Balloon11
  m_TagString: Untagged
  m_Icon: {fileID: 0}
  m_NavMeshLayer: 0
  m_StaticEditorFlags: 0
  m_IsActive: 1
--- !u!1 &1796936182231358
GameObject:
  m_ObjectHideFlags: 0
  m_PrefabParentObject: {fileID: 0}
  m_PrefabInternal: {fileID: 100100000}
  serializedVersion: 5
  m_Component:
  - component: {fileID: 4562107436043752}
  - component: {fileID: 137377495200318320}
  m_Layer: 0
  m_Name: Balloon12
  m_TagString: Untagged
  m_Icon: {fileID: 0}
  m_NavMeshLayer: 0
  m_StaticEditorFlags: 0
  m_IsActive: 1
--- !u!1 &1828016830068258
GameObject:
  m_ObjectHideFlags: 0
  m_PrefabParentObject: {fileID: 0}
  m_PrefabInternal: {fileID: 100100000}
  serializedVersion: 5
  m_Component:
  - component: {fileID: 4255738880216298}
  - component: {fileID: 137229019642457640}
  m_Layer: 0
  m_Name: Balloon03
  m_TagString: Untagged
  m_Icon: {fileID: 0}
  m_NavMeshLayer: 0
  m_StaticEditorFlags: 0
  m_IsActive: 1
--- !u!1 &1835288467990092
GameObject:
  m_ObjectHideFlags: 0
  m_PrefabParentObject: {fileID: 0}
  m_PrefabInternal: {fileID: 100100000}
  serializedVersion: 5
  m_Component:
  - component: {fileID: 4582494223216720}
  - component: {fileID: 137481542839080738}
  m_Layer: 0
  m_Name: Balloon10
  m_TagString: Untagged
  m_Icon: {fileID: 0}
  m_NavMeshLayer: 0
  m_StaticEditorFlags: 0
  m_IsActive: 1
--- !u!1 &1929479981208516
GameObject:
  m_ObjectHideFlags: 0
  m_PrefabParentObject: {fileID: 0}
  m_PrefabInternal: {fileID: 100100000}
  serializedVersion: 5
  m_Component:
  - component: {fileID: 4155039810262840}
  - component: {fileID: 137553594039154540}
  m_Layer: 0
  m_Name: Balloon07
  m_TagString: Untagged
  m_Icon: {fileID: 0}
  m_NavMeshLayer: 0
  m_StaticEditorFlags: 0
  m_IsActive: 1
--- !u!4 &4040047202483692
Transform:
  m_ObjectHideFlags: 1
  m_PrefabParentObject: {fileID: 0}
  m_PrefabInternal: {fileID: 100100000}
  m_GameObject: {fileID: 1381021477229854}
  m_LocalRotation: {x: 0.007823529, y: 0.05546609, z: 0.087759264, w: 0.99456555}
  m_LocalPosition: {x: -0.149, y: 0.344, z: -0.01}
  m_LocalScale: {x: 0.20000024, y: 0.19999993, z: 0.20000012}
  m_Children: []
  m_Father: {fileID: 4358593073685992}
  m_RootOrder: 12
  m_LocalEulerAnglesHint: {x: 0.33400002, y: 6.4140005, z: 10.104}
--- !u!4 &4062242990988660
Transform:
  m_ObjectHideFlags: 1
  m_PrefabParentObject: {fileID: 0}
  m_PrefabInternal: {fileID: 100100000}
  m_GameObject: {fileID: 1230393249445570}
  m_LocalRotation: {x: 0.34911406, y: 0.036057737, z: 0.15922347, w: 0.92274976}
  m_LocalPosition: {x: -0.088, y: 0.054, z: 0.148}
  m_LocalScale: {x: 0.20000018, y: 0.19999991, z: 0.20000003}
  m_Children: []
  m_Father: {fileID: 4358593073685992}
  m_RootOrder: 15
  m_LocalEulerAnglesHint: {x: 39.258003, y: 13.269001, z: 24.331001}
--- !u!4 &4155039810262840
Transform:
  m_ObjectHideFlags: 1
  m_PrefabParentObject: {fileID: 0}
  m_PrefabInternal: {fileID: 100100000}
  m_GameObject: {fileID: 1929479981208516}
  m_LocalRotation: {x: -0.070579864, y: -0.04578168, z: 0.40672743, w: 0.90966773}
  m_LocalPosition: {x: -0.12, y: -0.338, z: -0.031}
  m_LocalScale: {x: 0.20000042, y: 0.19999997, z: 0.20000038}
  m_Children: []
  m_Father: {fileID: 4358593073685992}
  m_RootOrder: 6
  m_LocalEulerAnglesHint: {x: -5.2310004, y: -8.123, z: 48.552002}
--- !u!4 &4163068301531184
Transform:
  m_ObjectHideFlags: 1
  m_PrefabParentObject: {fileID: 0}
  m_PrefabInternal: {fileID: 100100000}
  m_GameObject: {fileID: 1316469326577334}
  m_LocalRotation: {x: -0.014876662, y: 0.06801942, z: -0.19464654, w: 0.9783991}
  m_LocalPosition: {x: 0.086, y: -0.247, z: -0.014}
  m_LocalScale: {x: 0.20000002, y: 0.19999996, z: 0.19999996}
  m_Children: []
  m_Father: {fileID: 4358593073685992}
  m_RootOrder: 1
  m_LocalEulerAnglesHint: {x: -0.15100001, y: 7.984, z: -22.514002}
--- !u!4 &4255738880216298
Transform:
  m_ObjectHideFlags: 1
  m_PrefabParentObject: {fileID: 0}
  m_PrefabInternal: {fileID: 100100000}
  m_GameObject: {fileID: 1828016830068258}
  m_LocalRotation: {x: -0.15237042, y: 0.040616464, z: 0.095543064, w: 0.9828556}
  m_LocalPosition: {x: -0.041, y: -0.279, z: -0.049}
  m_LocalScale: {x: 0.2000002, y: 0.19999996, z: 0.20000006}
  m_Children: []
  m_Father: {fileID: 4358593073685992}
  m_RootOrder: 2
  m_LocalEulerAnglesHint: {x: -17.895, y: 3.055, z: 10.623}
--- !u!4 &4358593073685992
Transform:
  m_ObjectHideFlags: 1
  m_PrefabParentObject: {fileID: 0}
  m_PrefabInternal: {fileID: 100100000}
  m_GameObject: {fileID: 1028219271161876}
  m_LocalRotation: {x: 0, y: 0, z: 0, w: 1}
  m_LocalPosition: {x: -0.13, y: 2.445, z: 0.387}
  m_LocalScale: {x: 1, y: 1, z: 1}
  m_Children:
  - {fileID: 4725538129209376}
  - {fileID: 4163068301531184}
  - {fileID: 4255738880216298}
  - {fileID: 4759692473769538}
  - {fileID: 4457935242358926}
  - {fileID: 4552239647389730}
  - {fileID: 4155039810262840}
  - {fileID: 4757124058599192}
  - {fileID: 4546105753833928}
  - {fileID: 4582494223216720}
  - {fileID: 4613940177079566}
  - {fileID: 4562107436043752}
  - {fileID: 4040047202483692}
  - {fileID: 4887684344831800}
  - {fileID: 4539624451472266}
  - {fileID: 4062242990988660}
  - {fileID: 4405703740635898}
  m_Father: {fileID: 0}
  m_RootOrder: 0
  m_LocalEulerAnglesHint: {x: 0, y: 0, z: 0}
--- !u!4 &4405703740635898
Transform:
  m_ObjectHideFlags: 1
  m_PrefabParentObject: {fileID: 0}
  m_PrefabInternal: {fileID: 100100000}
  m_GameObject: {fileID: 1115548357815472}
  m_LocalRotation: {x: -0.111392304, y: 0.119610906, z: 0.4140453, w: 0.89546156}
  m_LocalPosition: {x: -0.351, y: 0.031, z: -0.135}
  m_LocalScale: {x: 0.20000046, y: 0.19999996, z: 0.20000033}
  m_Children: []
  m_Father: {fileID: 4358593073685992}
  m_RootOrder: 16
  m_LocalEulerAnglesHint: {x: -17.37, y: 7.3420005, z: 48.507004}
--- !u!4 &4457935242358926
Transform:
  m_ObjectHideFlags: 1
  m_PrefabParentObject: {fileID: 0}
  m_PrefabInternal: {fileID: 100100000}
  m_GameObject: {fileID: 1732814226528754}
  m_LocalRotation: {x: -0.011262384, y: 0.15097986, z: 0.19725122, w: 0.96859187}
  m_LocalPosition: {x: -0.207, y: 0.008, z: 0.011}
  m_LocalScale: {x: 0.2000002, y: 0.19999996, z: 0.20000006}
  m_Children: []
  m_Father: {fileID: 4358593073685992}
  m_RootOrder: 4
  m_LocalEulerAnglesHint: {x: -4.668, y: 16.798, z: 22.332}
--- !u!4 &4539624451472266
Transform:
  m_ObjectHideFlags: 1
  m_PrefabParentObject: {fileID: 0}
  m_PrefabInternal: {fileID: 100100000}
  m_GameObject: {fileID: 1216788418696620}
  m_LocalRotation: {x: 0.10240908, y: -0.6097313, z: -0.115895554, w: 0.7773728}
  m_LocalPosition: {x: 0.021, y: 0.237, z: 0.206}
  m_LocalScale: {x: 0.2000002, y: 0.19999996, z: 0.20000006}
  m_Children: []
  m_Father: {fileID: 4358593073685992}
  m_RootOrder: 14
  m_LocalEulerAnglesHint: {x: 1.0250001, y: -76.378006, z: -17.765001}
--- !u!4 &4546105753833928
Transform:
  m_ObjectHideFlags: 1
  m_PrefabParentObject: {fileID: 0}
  m_PrefabInternal: {fileID: 100100000}
  m_GameObject: {fileID: 1393887068486670}
  m_LocalRotation: {x: -0.3490517, y: 0.117453694, z: 0.0060986364, w: 0.9296937}
  m_LocalPosition: {x: -0.037, y: -0.1, z: -0.303}
  m_LocalScale: {x: 0.20000039, y: 0.2, z: 0.20000033}
  m_Children: []
  m_Father: {fileID: 4358593073685992}
  m_RootOrder: 8
  m_LocalEulerAnglesHint: {x: -40.576, y: 16.375, z: -5.3380003}
--- !u!4 &4552239647389730
Transform:
  m_ObjectHideFlags: 1
  m_PrefabParentObject: {fileID: 0}
  m_PrefabInternal: {fileID: 100100000}
  m_GameObject: {fileID: 1585022096191552}
  m_LocalRotation: {x: -0.12734334, y: 0.39134604, z: -0.18586786, w: 0.892236}
  m_LocalPosition: {x: 0.109, y: -0.023, z: -0.176}
  m_LocalScale: {x: 0.20000038, y: 0.19999997, z: 0.20000029}
  m_Children: []
  m_Father: {fileID: 4358593073685992}
  m_RootOrder: 5
  m_LocalEulerAnglesHint: {x: -4.69, y: 48.434002, z: -25.645}
--- !u!4 &4562107436043752
Transform:
  m_ObjectHideFlags: 1
  m_PrefabParentObject: {fileID: 0}
  m_PrefabInternal: {fileID: 100100000}
  m_GameObject: {fileID: 1796936182231358}
  m_LocalRotation: {x: -0.014876658, y: 0.068019405, z: -0.19464654, w: 0.9783991}
  m_LocalPosition: {x: 0.255, y: 0.166, z: -0.039}
  m_LocalScale: {x: 0.2000002, y: 0.19999996, z: 0.20000006}
  m_Children: []
  m_Father: {fileID: 4358593073685992}
  m_RootOrder: 11
  m_LocalEulerAnglesHint: {x: -0.15100001, y: 7.984, z: -22.514002}
--- !u!4 &4582494223216720
Transform:
  m_ObjectHideFlags: 1
  m_PrefabParentObject: {fileID: 0}
  m_PrefabInternal: {fileID: 100100000}
  m_GameObject: {fileID: 1835288467990092}
  m_LocalRotation: {x: -0.07961938, y: 0.0616872, z: -0.048471574, w: 0.9937334}
  m_LocalPosition: {x: 0.057, y: 0.313, z: -0.138}
  m_LocalScale: {x: 0.2000002, y: 0.19999996, z: 0.20000006}
  m_Children: []
  m_Father: {fileID: 4358593073685992}
  m_RootOrder: 9
  m_LocalEulerAnglesHint: {x: -8.758, y: 7.577, z: -6.1660004}
--- !u!4 &4613940177079566
Transform:
  m_ObjectHideFlags: 1
  m_PrefabParentObject: {fileID: 0}
  m_PrefabInternal: {fileID: 100100000}
  m_GameObject: {fileID: 1778241123354456}
  m_LocalRotation: {x: -0.08439136, y: -0.56291044, z: 0.31908554, w: 0.7577561}
  m_LocalPosition: {x: -0.208, y: -0.054, z: -0.265}
  m_LocalScale: {x: 0.20000039, y: 0.2, z: 0.20000033}
  m_Children: []
  m_Father: {fileID: 4358593073685992}
  m_RootOrder: 10
  m_LocalEulerAnglesHint: {x: 13.376, y: -68.787, z: 36.493}
--- !u!4 &4725538129209376
Transform:
  m_ObjectHideFlags: 1
  m_PrefabParentObject: {fileID: 0}
  m_PrefabInternal: {fileID: 100100000}
  m_GameObject: {fileID: 1597077063221576}
  m_LocalRotation: {x: 0, y: 0, z: 0, w: 1}
  m_LocalPosition: {x: 0, y: 0, z: 0}
  m_LocalScale: {x: 0.2, y: 0.2, z: 0.2}
  m_Children: []
  m_Father: {fileID: 4358593073685992}
  m_RootOrder: 0
  m_LocalEulerAnglesHint: {x: 0, y: 0, z: 0}
--- !u!4 &4757124058599192
Transform:
  m_ObjectHideFlags: 1
  m_PrefabParentObject: {fileID: 0}
  m_PrefabInternal: {fileID: 100100000}
  m_GameObject: {fileID: 1552371365103296}
  m_LocalRotation: {x: -0.1653685, y: 0.1356181, z: 0.006248002, w: 0.9768428}
  m_LocalPosition: {x: -0.134, y: 0.167, z: -0.18}
  m_LocalScale: {x: 0.20000002, y: 0.19999996, z: 0.19999996}
  m_Children: []
  m_Father: {fileID: 4358593073685992}
  m_RootOrder: 7
  m_LocalEulerAnglesHint: {x: -18.952002, y: 16.138, z: -1.978}
--- !u!4 &4759692473769538
Transform:
  m_ObjectHideFlags: 1
  m_PrefabParentObject: {fileID: 0}
  m_PrefabInternal: {fileID: 100100000}
  m_GameObject: {fileID: 1383345846676664}
  m_LocalRotation: {x: 0.21815732, y: -0.018789805, z: 0.16956982, w: 0.9608853}
  m_LocalPosition: {x: -0.033, y: -0.343, z: 0.031}
  m_LocalScale: {x: 0.20000024, y: 0.19999993, z: 0.20000012}
  m_Children: []
  m_Father: {fileID: 4358593073685992}
  m_RootOrder: 3
  m_LocalEulerAnglesHint: {x: 25.19, y: 2.3990002, z: 20.552}
--- !u!4 &4887684344831800
Transform:
  m_ObjectHideFlags: 1
  m_PrefabParentObject: {fileID: 0}
  m_PrefabInternal: {fileID: 100100000}
  m_GameObject: {fileID: 1688706881795534}
  m_LocalRotation: {x: -0.115479074, y: 0.14669612, z: 0.2744733, w: 0.9432971}
  m_LocalPosition: {x: -0.286, y: 0.317, z: -0.168}
  m_LocalScale: {x: 0.20000024, y: 0.19999997, z: 0.20000015}
  m_Children: []
  m_Father: {fileID: 4358593073685992}
  m_RootOrder: 13
  m_LocalEulerAnglesHint: {x: -17.361, y: 12.918, z: 30.467001}
--- !u!137 &137012501285044318
SkinnedMeshRenderer:
  m_ObjectHideFlags: 1
  m_PrefabParentObject: {fileID: 0}
  m_PrefabInternal: {fileID: 100100000}
  m_GameObject: {fileID: 1216788418696620}
  m_Enabled: 1
  m_CastShadows: 1
  m_ReceiveShadows: 1
  m_DynamicOccludee: 1
  m_MotionVectors: 1
  m_LightProbeUsage: 1
  m_ReflectionProbeUsage: 1
  m_Materials:
  - {fileID: 2100000, guid: 4f4d66d6d16fd8e49bc87352fc102fd3, type: 2}
  - {fileID: 2100000, guid: 8b0ce453930e518498f434b771aa0a79, type: 2}
  m_StaticBatchInfo:
    firstSubMesh: 0
    subMeshCount: 0
  m_StaticBatchRoot: {fileID: 0}
  m_ProbeAnchor: {fileID: 0}
  m_LightProbeVolumeOverride: {fileID: 0}
  m_ScaleInLightmap: 1
  m_PreserveUVs: 0
  m_IgnoreNormalsForChartDetection: 0
  m_ImportantGI: 0
  m_StitchLightmapSeams: 0
  m_SelectedEditorRenderState: 3
  m_MinimumChartSize: 4
  m_AutoUVMaxDistance: 0.5
  m_AutoUVMaxAngle: 89
  m_LightmapParameters: {fileID: 0}
  m_SortingLayerID: 0
  m_SortingLayer: 0
  m_SortingOrder: 0
  serializedVersion: 2
  m_Quality: 0
  m_UpdateWhenOffscreen: 1
  m_SkinnedMotionVectors: 1
  m_Mesh: {fileID: 4300000, guid: 5e8fbf322ebc11b4daf03c9f5768b003, type: 3}
  m_Bones: []
  m_BlendShapeWeights:
  - 38.7
  m_RootBone: {fileID: 0}
  m_AABB:
    m_Center: {x: 0, y: -3.6789064, z: -0.00000011920929}
    m_Extent: {x: 0.85995287, y: 6.188877, z: 0.87889653}
  m_DirtyAABB: 0
--- !u!137 &137014391550281536
SkinnedMeshRenderer:
  m_ObjectHideFlags: 1
  m_PrefabParentObject: {fileID: 0}
  m_PrefabInternal: {fileID: 100100000}
  m_GameObject: {fileID: 1383345846676664}
  m_Enabled: 1
  m_CastShadows: 1
  m_ReceiveShadows: 1
  m_DynamicOccludee: 1
  m_MotionVectors: 1
  m_LightProbeUsage: 1
  m_ReflectionProbeUsage: 1
  m_Materials:
  - {fileID: 2100000, guid: 15ffad383b151c44d88a9a86beb5d27c, type: 2}
  - {fileID: 2100000, guid: 8b0ce453930e518498f434b771aa0a79, type: 2}
  m_StaticBatchInfo:
    firstSubMesh: 0
    subMeshCount: 0
  m_StaticBatchRoot: {fileID: 0}
  m_ProbeAnchor: {fileID: 0}
  m_LightProbeVolumeOverride: {fileID: 0}
  m_ScaleInLightmap: 1
  m_PreserveUVs: 0
  m_IgnoreNormalsForChartDetection: 0
  m_ImportantGI: 0
  m_StitchLightmapSeams: 0
  m_SelectedEditorRenderState: 3
  m_MinimumChartSize: 4
  m_AutoUVMaxDistance: 0.5
  m_AutoUVMaxAngle: 89
  m_LightmapParameters: {fileID: 0}
  m_SortingLayerID: 0
  m_SortingLayer: 0
  m_SortingOrder: 0
  serializedVersion: 2
  m_Quality: 0
  m_UpdateWhenOffscreen: 1
  m_SkinnedMotionVectors: 1
  m_Mesh: {fileID: 4300000, guid: 5e8fbf322ebc11b4daf03c9f5768b003, type: 3}
  m_Bones: []
  m_BlendShapeWeights:
  - 8.2
  m_RootBone: {fileID: 0}
  m_AABB:
    m_Center: {x: 0, y: -3.6789064, z: -0.00000011920929}
    m_Extent: {x: 0.85995287, y: 6.188877, z: 0.87889653}
  m_DirtyAABB: 0
--- !u!137 &137046421726207522
SkinnedMeshRenderer:
  m_ObjectHideFlags: 1
  m_PrefabParentObject: {fileID: 0}
  m_PrefabInternal: {fileID: 100100000}
  m_GameObject: {fileID: 1597077063221576}
  m_Enabled: 1
  m_CastShadows: 1
  m_ReceiveShadows: 1
  m_DynamicOccludee: 1
  m_MotionVectors: 1
  m_LightProbeUsage: 1
  m_ReflectionProbeUsage: 1
  m_Materials:
  - {fileID: 2100000, guid: f9b6a734cceabe543b9deb277e07bd1a, type: 2}
  - {fileID: 2100000, guid: 8b0ce453930e518498f434b771aa0a79, type: 2}
  m_StaticBatchInfo:
    firstSubMesh: 0
    subMeshCount: 0
  m_StaticBatchRoot: {fileID: 0}
  m_ProbeAnchor: {fileID: 0}
  m_LightProbeVolumeOverride: {fileID: 0}
  m_ScaleInLightmap: 1
  m_PreserveUVs: 0
  m_IgnoreNormalsForChartDetection: 0
  m_ImportantGI: 0
  m_StitchLightmapSeams: 0
  m_SelectedEditorRenderState: 3
  m_MinimumChartSize: 4
  m_AutoUVMaxDistance: 0.5
  m_AutoUVMaxAngle: 89
  m_LightmapParameters: {fileID: 0}
  m_SortingLayerID: 0
  m_SortingLayer: 0
  m_SortingOrder: 0
  serializedVersion: 2
  m_Quality: 0
  m_UpdateWhenOffscreen: 1
  m_SkinnedMotionVectors: 1
  m_Mesh: {fileID: 4300000, guid: 5e8fbf322ebc11b4daf03c9f5768b003, type: 3}
  m_Bones: []
  m_BlendShapeWeights:
  - 25
  m_RootBone: {fileID: 0}
  m_AABB:
    m_Center: {x: 0, y: -3.6789064, z: -0.00000011920929}
    m_Extent: {x: 0.85995287, y: 6.188877, z: 0.87889653}
  m_DirtyAABB: 0
--- !u!137 &137079810635301326
SkinnedMeshRenderer:
  m_ObjectHideFlags: 1
  m_PrefabParentObject: {fileID: 0}
  m_PrefabInternal: {fileID: 100100000}
  m_GameObject: {fileID: 1230393249445570}
  m_Enabled: 1
  m_CastShadows: 1
  m_ReceiveShadows: 1
  m_DynamicOccludee: 1
  m_MotionVectors: 1
  m_LightProbeUsage: 1
  m_ReflectionProbeUsage: 1
  m_Materials:
  - {fileID: 2100000, guid: f831a25b29966dd48b5b2fa65c2f3b89, type: 2}
  - {fileID: 2100000, guid: 8b0ce453930e518498f434b771aa0a79, type: 2}
  m_StaticBatchInfo:
    firstSubMesh: 0
    subMeshCount: 0
  m_StaticBatchRoot: {fileID: 0}
  m_ProbeAnchor: {fileID: 0}
  m_LightProbeVolumeOverride: {fileID: 0}
  m_ScaleInLightmap: 1
  m_PreserveUVs: 0
  m_IgnoreNormalsForChartDetection: 0
  m_ImportantGI: 0
  m_StitchLightmapSeams: 0
  m_SelectedEditorRenderState: 3
  m_MinimumChartSize: 4
  m_AutoUVMaxDistance: 0.5
  m_AutoUVMaxAngle: 89
  m_LightmapParameters: {fileID: 0}
  m_SortingLayerID: 0
  m_SortingLayer: 0
  m_SortingOrder: 0
  serializedVersion: 2
  m_Quality: 0
  m_UpdateWhenOffscreen: 1
  m_SkinnedMotionVectors: 1
  m_Mesh: {fileID: 4300000, guid: 5e8fbf322ebc11b4daf03c9f5768b003, type: 3}
  m_Bones: []
  m_BlendShapeWeights:
  - 0
  m_RootBone: {fileID: 0}
  m_AABB:
    m_Center: {x: 0, y: -3.6789064, z: -0.00000011920929}
    m_Extent: {x: 0.85995287, y: 6.188877, z: 0.87889653}
  m_DirtyAABB: 0
--- !u!137 &137120084969253154
SkinnedMeshRenderer:
  m_ObjectHideFlags: 1
  m_PrefabParentObject: {fileID: 0}
  m_PrefabInternal: {fileID: 100100000}
  m_GameObject: {fileID: 1316469326577334}
  m_Enabled: 1
  m_CastShadows: 1
  m_ReceiveShadows: 1
  m_DynamicOccludee: 1
  m_MotionVectors: 1
  m_LightProbeUsage: 1
  m_ReflectionProbeUsage: 1
  m_Materials:
  - {fileID: 2100000, guid: 4f4d66d6d16fd8e49bc87352fc102fd3, type: 2}
  - {fileID: 2100000, guid: 8b0ce453930e518498f434b771aa0a79, type: 2}
  m_StaticBatchInfo:
    firstSubMesh: 0
    subMeshCount: 0
  m_StaticBatchRoot: {fileID: 0}
  m_ProbeAnchor: {fileID: 0}
  m_LightProbeVolumeOverride: {fileID: 0}
  m_ScaleInLightmap: 1
  m_PreserveUVs: 0
  m_IgnoreNormalsForChartDetection: 0
  m_ImportantGI: 0
  m_StitchLightmapSeams: 0
  m_SelectedEditorRenderState: 3
  m_MinimumChartSize: 4
  m_AutoUVMaxDistance: 0.5
  m_AutoUVMaxAngle: 89
  m_LightmapParameters: {fileID: 0}
  m_SortingLayerID: 0
  m_SortingLayer: 0
  m_SortingOrder: 0
  serializedVersion: 2
  m_Quality: 0
  m_UpdateWhenOffscreen: 1
  m_SkinnedMotionVectors: 1
  m_Mesh: {fileID: 4300000, guid: 5e8fbf322ebc11b4daf03c9f5768b003, type: 3}
  m_Bones: []
  m_BlendShapeWeights:
  - 13.33
  m_RootBone: {fileID: 0}
  m_AABB:
    m_Center: {x: 0, y: -3.6789064, z: -0.00000011920929}
    m_Extent: {x: 0.85995287, y: 6.188877, z: 0.87889653}
  m_DirtyAABB: 0
--- !u!137 &137229019642457640
SkinnedMeshRenderer:
  m_ObjectHideFlags: 1
  m_PrefabParentObject: {fileID: 0}
  m_PrefabInternal: {fileID: 100100000}
  m_GameObject: {fileID: 1828016830068258}
  m_Enabled: 1
  m_CastShadows: 1
  m_ReceiveShadows: 1
  m_DynamicOccludee: 1
  m_MotionVectors: 1
  m_LightProbeUsage: 1
  m_ReflectionProbeUsage: 1
  m_Materials:
  - {fileID: 2100000, guid: f831a25b29966dd48b5b2fa65c2f3b89, type: 2}
  - {fileID: 2100000, guid: 8b0ce453930e518498f434b771aa0a79, type: 2}
  m_StaticBatchInfo:
    firstSubMesh: 0
    subMeshCount: 0
  m_StaticBatchRoot: {fileID: 0}
  m_ProbeAnchor: {fileID: 0}
  m_LightProbeVolumeOverride: {fileID: 0}
  m_ScaleInLightmap: 1
  m_PreserveUVs: 0
  m_IgnoreNormalsForChartDetection: 0
  m_ImportantGI: 0
  m_StitchLightmapSeams: 0
  m_SelectedEditorRenderState: 3
  m_MinimumChartSize: 4
  m_AutoUVMaxDistance: 0.5
  m_AutoUVMaxAngle: 89
  m_LightmapParameters: {fileID: 0}
  m_SortingLayerID: 0
  m_SortingLayer: 0
  m_SortingOrder: 0
  serializedVersion: 2
  m_Quality: 0
  m_UpdateWhenOffscreen: 1
  m_SkinnedMotionVectors: 1
  m_Mesh: {fileID: 4300000, guid: 5e8fbf322ebc11b4daf03c9f5768b003, type: 3}
  m_Bones: []
  m_BlendShapeWeights:
  - 11.3
  m_RootBone: {fileID: 0}
  m_AABB:
    m_Center: {x: 0, y: -3.6789064, z: -0.00000011920929}
    m_Extent: {x: 0.85995287, y: 6.188877, z: 0.87889653}
  m_DirtyAABB: 0
--- !u!137 &137342223734510742
SkinnedMeshRenderer:
  m_ObjectHideFlags: 1
  m_PrefabParentObject: {fileID: 0}
  m_PrefabInternal: {fileID: 100100000}
  m_GameObject: {fileID: 1732814226528754}
  m_Enabled: 1
  m_CastShadows: 1
  m_ReceiveShadows: 1
  m_DynamicOccludee: 1
  m_MotionVectors: 1
  m_LightProbeUsage: 1
  m_ReflectionProbeUsage: 1
  m_Materials:
  - {fileID: 2100000, guid: 4f4d66d6d16fd8e49bc87352fc102fd3, type: 2}
  - {fileID: 2100000, guid: 8b0ce453930e518498f434b771aa0a79, type: 2}
  m_StaticBatchInfo:
    firstSubMesh: 0
    subMeshCount: 0
  m_StaticBatchRoot: {fileID: 0}
  m_ProbeAnchor: {fileID: 0}
  m_LightProbeVolumeOverride: {fileID: 0}
  m_ScaleInLightmap: 1
  m_PreserveUVs: 0
  m_IgnoreNormalsForChartDetection: 0
  m_ImportantGI: 0
  m_StitchLightmapSeams: 0
  m_SelectedEditorRenderState: 3
  m_MinimumChartSize: 4
  m_AutoUVMaxDistance: 0.5
  m_AutoUVMaxAngle: 89
  m_LightmapParameters: {fileID: 0}
  m_SortingLayerID: 0
  m_SortingLayer: 0
  m_SortingOrder: 0
  serializedVersion: 2
  m_Quality: 0
  m_UpdateWhenOffscreen: 1
  m_SkinnedMotionVectors: 1
  m_Mesh: {fileID: 4300000, guid: 5e8fbf322ebc11b4daf03c9f5768b003, type: 3}
  m_Bones: []
  m_BlendShapeWeights:
  - 26.8
  m_RootBone: {fileID: 0}
  m_AABB:
    m_Center: {x: 0, y: -3.6789064, z: -0.00000011920929}
    m_Extent: {x: 0.85995287, y: 6.188877, z: 0.87889653}
  m_DirtyAABB: 0
--- !u!137 &137377495200318320
SkinnedMeshRenderer:
  m_ObjectHideFlags: 1
  m_PrefabParentObject: {fileID: 0}
  m_PrefabInternal: {fileID: 100100000}
  m_GameObject: {fileID: 1796936182231358}
  m_Enabled: 1
  m_CastShadows: 1
  m_ReceiveShadows: 1
  m_DynamicOccludee: 1
  m_MotionVectors: 1
  m_LightProbeUsage: 1
  m_ReflectionProbeUsage: 1
  m_Materials:
  - {fileID: 2100000, guid: f9b6a734cceabe543b9deb277e07bd1a, type: 2}
  - {fileID: 2100000, guid: 8b0ce453930e518498f434b771aa0a79, type: 2}
  m_StaticBatchInfo:
    firstSubMesh: 0
    subMeshCount: 0
  m_StaticBatchRoot: {fileID: 0}
  m_ProbeAnchor: {fileID: 0}
  m_LightProbeVolumeOverride: {fileID: 0}
  m_ScaleInLightmap: 1
  m_PreserveUVs: 0
  m_IgnoreNormalsForChartDetection: 0
  m_ImportantGI: 0
  m_StitchLightmapSeams: 0
  m_SelectedEditorRenderState: 3
  m_MinimumChartSize: 4
  m_AutoUVMaxDistance: 0.5
  m_AutoUVMaxAngle: 89
  m_LightmapParameters: {fileID: 0}
  m_SortingLayerID: 0
  m_SortingLayer: 0
  m_SortingOrder: 0
  serializedVersion: 2
  m_Quality: 0
  m_UpdateWhenOffscreen: 1
  m_SkinnedMotionVectors: 1
  m_Mesh: {fileID: 4300000, guid: 5e8fbf322ebc11b4daf03c9f5768b003, type: 3}
  m_Bones: []
  m_BlendShapeWeights:
  - 36.1
  m_RootBone: {fileID: 0}
  m_AABB:
    m_Center: {x: 0, y: -3.6789064, z: -0.00000011920929}
    m_Extent: {x: 0.85995287, y: 6.188877, z: 0.87889653}
  m_DirtyAABB: 0
--- !u!137 &137420925328486282
SkinnedMeshRenderer:
  m_ObjectHideFlags: 1
  m_PrefabParentObject: {fileID: 0}
  m_PrefabInternal: {fileID: 100100000}
  m_GameObject: {fileID: 1552371365103296}
  m_Enabled: 1
  m_CastShadows: 1
  m_ReceiveShadows: 1
  m_DynamicOccludee: 1
  m_MotionVectors: 1
  m_LightProbeUsage: 1
  m_ReflectionProbeUsage: 1
  m_Materials:
  - {fileID: 2100000, guid: f9b6a734cceabe543b9deb277e07bd1a, type: 2}
  - {fileID: 2100000, guid: 8b0ce453930e518498f434b771aa0a79, type: 2}
  m_StaticBatchInfo:
    firstSubMesh: 0
    subMeshCount: 0
  m_StaticBatchRoot: {fileID: 0}
  m_ProbeAnchor: {fileID: 0}
  m_LightProbeVolumeOverride: {fileID: 0}
  m_ScaleInLightmap: 1
  m_PreserveUVs: 0
  m_IgnoreNormalsForChartDetection: 0
  m_ImportantGI: 0
  m_StitchLightmapSeams: 0
  m_SelectedEditorRenderState: 3
  m_MinimumChartSize: 4
  m_AutoUVMaxDistance: 0.5
  m_AutoUVMaxAngle: 89
  m_LightmapParameters: {fileID: 0}
  m_SortingLayerID: 0
  m_SortingLayer: 0
  m_SortingOrder: 0
  serializedVersion: 2
  m_Quality: 0
  m_UpdateWhenOffscreen: 1
  m_SkinnedMotionVectors: 1
  m_Mesh: {fileID: 4300000, guid: 5e8fbf322ebc11b4daf03c9f5768b003, type: 3}
  m_Bones: []
  m_BlendShapeWeights:
  - 0
  m_RootBone: {fileID: 0}
  m_AABB:
    m_Center: {x: 0, y: -3.6789064, z: -0.00000011920929}
    m_Extent: {x: 0.85995287, y: 6.188877, z: 0.87889653}
  m_DirtyAABB: 0
--- !u!137 &137481542839080738
SkinnedMeshRenderer:
  m_ObjectHideFlags: 1
  m_PrefabParentObject: {fileID: 0}
  m_PrefabInternal: {fileID: 100100000}
  m_GameObject: {fileID: 1835288467990092}
  m_Enabled: 1
  m_CastShadows: 1
  m_ReceiveShadows: 1
  m_DynamicOccludee: 1
  m_MotionVectors: 1
  m_LightProbeUsage: 1
  m_ReflectionProbeUsage: 1
  m_Materials:
  - {fileID: 2100000, guid: 4f4d66d6d16fd8e49bc87352fc102fd3, type: 2}
  - {fileID: 2100000, guid: 8b0ce453930e518498f434b771aa0a79, type: 2}
  m_StaticBatchInfo:
    firstSubMesh: 0
    subMeshCount: 0
  m_StaticBatchRoot: {fileID: 0}
  m_ProbeAnchor: {fileID: 0}
  m_LightProbeVolumeOverride: {fileID: 0}
  m_ScaleInLightmap: 1
  m_PreserveUVs: 0
  m_IgnoreNormalsForChartDetection: 0
  m_ImportantGI: 0
  m_StitchLightmapSeams: 0
  m_SelectedEditorRenderState: 3
  m_MinimumChartSize: 4
  m_AutoUVMaxDistance: 0.5
  m_AutoUVMaxAngle: 89
  m_LightmapParameters: {fileID: 0}
  m_SortingLayerID: 0
  m_SortingLayer: 0
  m_SortingOrder: 0
  serializedVersion: 2
  m_Quality: 0
  m_UpdateWhenOffscreen: 1
  m_SkinnedMotionVectors: 1
  m_Mesh: {fileID: 4300000, guid: 5e8fbf322ebc11b4daf03c9f5768b003, type: 3}
  m_Bones: []
  m_BlendShapeWeights:
  - 41.6
  m_RootBone: {fileID: 0}
  m_AABB:
    m_Center: {x: 0, y: -3.6789064, z: -0.00000011920929}
    m_Extent: {x: 0.85995287, y: 6.188877, z: 0.87889653}
  m_DirtyAABB: 0
--- !u!137 &137553594039154540
SkinnedMeshRenderer:
  m_ObjectHideFlags: 1
  m_PrefabParentObject: {fileID: 0}
  m_PrefabInternal: {fileID: 100100000}
  m_GameObject: {fileID: 1929479981208516}
  m_Enabled: 1
  m_CastShadows: 1
  m_ReceiveShadows: 1
  m_DynamicOccludee: 1
  m_MotionVectors: 1
  m_LightProbeUsage: 1
  m_ReflectionProbeUsage: 1
  m_Materials:
  - {fileID: 2100000, guid: f831a25b29966dd48b5b2fa65c2f3b89, type: 2}
  - {fileID: 2100000, guid: 8b0ce453930e518498f434b771aa0a79, type: 2}
  m_StaticBatchInfo:
    firstSubMesh: 0
    subMeshCount: 0
  m_StaticBatchRoot: {fileID: 0}
  m_ProbeAnchor: {fileID: 0}
  m_LightProbeVolumeOverride: {fileID: 0}
  m_ScaleInLightmap: 1
  m_PreserveUVs: 0
  m_IgnoreNormalsForChartDetection: 0
  m_ImportantGI: 0
  m_StitchLightmapSeams: 0
  m_SelectedEditorRenderState: 3
  m_MinimumChartSize: 4
  m_AutoUVMaxDistance: 0.5
  m_AutoUVMaxAngle: 89
  m_LightmapParameters: {fileID: 0}
  m_SortingLayerID: 0
  m_SortingLayer: 0
  m_SortingOrder: 0
  serializedVersion: 2
  m_Quality: 0
  m_UpdateWhenOffscreen: 1
  m_SkinnedMotionVectors: 1
  m_Mesh: {fileID: 4300000, guid: 5e8fbf322ebc11b4daf03c9f5768b003, type: 3}
  m_Bones: []
  m_BlendShapeWeights:
  - 10.79
  m_RootBone: {fileID: 0}
  m_AABB:
    m_Center: {x: 0, y: -3.6789064, z: -0.00000011920929}
    m_Extent: {x: 0.85995287, y: 6.188877, z: 0.87889653}
  m_DirtyAABB: 0
--- !u!137 &137592582346168490
SkinnedMeshRenderer:
  m_ObjectHideFlags: 1
  m_PrefabParentObject: {fileID: 0}
  m_PrefabInternal: {fileID: 100100000}
  m_GameObject: {fileID: 1585022096191552}
  m_Enabled: 1
  m_CastShadows: 1
  m_ReceiveShadows: 1
  m_DynamicOccludee: 1
  m_MotionVectors: 1
  m_LightProbeUsage: 1
  m_ReflectionProbeUsage: 1
  m_Materials:
  - {fileID: 2100000, guid: 15ffad383b151c44d88a9a86beb5d27c, type: 2}
  - {fileID: 2100000, guid: 8b0ce453930e518498f434b771aa0a79, type: 2}
  m_StaticBatchInfo:
    firstSubMesh: 0
    subMeshCount: 0
  m_StaticBatchRoot: {fileID: 0}
  m_ProbeAnchor: {fileID: 0}
  m_LightProbeVolumeOverride: {fileID: 0}
  m_ScaleInLightmap: 1
  m_PreserveUVs: 0
  m_IgnoreNormalsForChartDetection: 0
  m_ImportantGI: 0
  m_StitchLightmapSeams: 0
  m_SelectedEditorRenderState: 3
  m_MinimumChartSize: 4
  m_AutoUVMaxDistance: 0.5
  m_AutoUVMaxAngle: 89
  m_LightmapParameters: {fileID: 0}
  m_SortingLayerID: 0
  m_SortingLayer: 0
  m_SortingOrder: 0
  serializedVersion: 2
  m_Quality: 0
  m_UpdateWhenOffscreen: 1
  m_SkinnedMotionVectors: 1
  m_Mesh: {fileID: 4300000, guid: 5e8fbf322ebc11b4daf03c9f5768b003, type: 3}
  m_Bones: []
  m_BlendShapeWeights:
  - 26.8
  m_RootBone: {fileID: 0}
  m_AABB:
    m_Center: {x: 0, y: -3.6789064, z: -0.00000011920929}
    m_Extent: {x: 0.85995287, y: 6.188877, z: 0.87889653}
  m_DirtyAABB: 0
--- !u!137 &137634786053970732
SkinnedMeshRenderer:
  m_ObjectHideFlags: 1
  m_PrefabParentObject: {fileID: 0}
  m_PrefabInternal: {fileID: 100100000}
  m_GameObject: {fileID: 1778241123354456}
  m_Enabled: 1
  m_CastShadows: 1
  m_ReceiveShadows: 1
  m_DynamicOccludee: 1
  m_MotionVectors: 1
  m_LightProbeUsage: 1
  m_ReflectionProbeUsage: 1
  m_Materials:
  - {fileID: 2100000, guid: 15ffad383b151c44d88a9a86beb5d27c, type: 2}
  - {fileID: 2100000, guid: 8b0ce453930e518498f434b771aa0a79, type: 2}
  m_StaticBatchInfo:
    firstSubMesh: 0
    subMeshCount: 0
  m_StaticBatchRoot: {fileID: 0}
  m_ProbeAnchor: {fileID: 0}
  m_LightProbeVolumeOverride: {fileID: 0}
  m_ScaleInLightmap: 1
  m_PreserveUVs: 0
  m_IgnoreNormalsForChartDetection: 0
  m_ImportantGI: 0
  m_StitchLightmapSeams: 0
  m_SelectedEditorRenderState: 3
  m_MinimumChartSize: 4
  m_AutoUVMaxDistance: 0.5
  m_AutoUVMaxAngle: 89
  m_LightmapParameters: {fileID: 0}
  m_SortingLayerID: 0
  m_SortingLayer: 0
  m_SortingOrder: 0
  serializedVersion: 2
  m_Quality: 0
  m_UpdateWhenOffscreen: 1
  m_SkinnedMotionVectors: 1
  m_Mesh: {fileID: 4300000, guid: 5e8fbf322ebc11b4daf03c9f5768b003, type: 3}
  m_Bones: []
  m_BlendShapeWeights:
  - 27.7
  m_RootBone: {fileID: 0}
  m_AABB:
    m_Center: {x: 0, y: -3.6789064, z: -0.00000011920929}
    m_Extent: {x: 0.85995287, y: 6.188877, z: 0.87889653}
  m_DirtyAABB: 0
--- !u!137 &137666804080912904
SkinnedMeshRenderer:
  m_ObjectHideFlags: 1
  m_PrefabParentObject: {fileID: 0}
  m_PrefabInternal: {fileID: 100100000}
  m_GameObject: {fileID: 1393887068486670}
  m_Enabled: 1
  m_CastShadows: 1
  m_ReceiveShadows: 1
  m_DynamicOccludee: 1
  m_MotionVectors: 1
  m_LightProbeUsage: 1
  m_ReflectionProbeUsage: 1
  m_Materials:
  - {fileID: 2100000, guid: 4f4d66d6d16fd8e49bc87352fc102fd3, type: 2}
  - {fileID: 2100000, guid: 8b0ce453930e518498f434b771aa0a79, type: 2}
  m_StaticBatchInfo:
    firstSubMesh: 0
    subMeshCount: 0
  m_StaticBatchRoot: {fileID: 0}
  m_ProbeAnchor: {fileID: 0}
  m_LightProbeVolumeOverride: {fileID: 0}
  m_ScaleInLightmap: 1
  m_PreserveUVs: 0
  m_IgnoreNormalsForChartDetection: 0
  m_ImportantGI: 0
  m_StitchLightmapSeams: 0
  m_SelectedEditorRenderState: 3
  m_MinimumChartSize: 4
  m_AutoUVMaxDistance: 0.5
  m_AutoUVMaxAngle: 89
  m_LightmapParameters: {fileID: 0}
  m_SortingLayerID: 0
  m_SortingLayer: 0
  m_SortingOrder: 0
  serializedVersion: 2
  m_Quality: 0
  m_UpdateWhenOffscreen: 1
  m_SkinnedMotionVectors: 1
  m_Mesh: {fileID: 4300000, guid: 5e8fbf322ebc11b4daf03c9f5768b003, type: 3}
  m_Bones: []
  m_BlendShapeWeights:
  - 25.18
  m_RootBone: {fileID: 0}
  m_AABB:
    m_Center: {x: 0, y: -3.6789064, z: -0.00000011920929}
    m_Extent: {x: 0.85995287, y: 6.188877, z: 0.87889653}
  m_DirtyAABB: 0
--- !u!137 &137840860985096768
SkinnedMeshRenderer:
  m_ObjectHideFlags: 1
  m_PrefabParentObject: {fileID: 0}
  m_PrefabInternal: {fileID: 100100000}
  m_GameObject: {fileID: 1688706881795534}
  m_Enabled: 1
  m_CastShadows: 1
  m_ReceiveShadows: 1
  m_DynamicOccludee: 1
  m_MotionVectors: 1
  m_LightProbeUsage: 1
  m_ReflectionProbeUsage: 1
  m_Materials:
  - {fileID: 2100000, guid: f9b6a734cceabe543b9deb277e07bd1a, type: 2}
  - {fileID: 2100000, guid: 8b0ce453930e518498f434b771aa0a79, type: 2}
  m_StaticBatchInfo:
    firstSubMesh: 0
    subMeshCount: 0
  m_StaticBatchRoot: {fileID: 0}
  m_ProbeAnchor: {fileID: 0}
  m_LightProbeVolumeOverride: {fileID: 0}
  m_ScaleInLightmap: 1
  m_PreserveUVs: 0
  m_IgnoreNormalsForChartDetection: 0
  m_ImportantGI: 0
  m_StitchLightmapSeams: 0
  m_SelectedEditorRenderState: 3
  m_MinimumChartSize: 4
  m_AutoUVMaxDistance: 0.5
  m_AutoUVMaxAngle: 89
  m_LightmapParameters: {fileID: 0}
  m_SortingLayerID: 0
  m_SortingLayer: 0
  m_SortingOrder: 0
  serializedVersion: 2
  m_Quality: 0
  m_UpdateWhenOffscreen: 1
  m_SkinnedMotionVectors: 1
  m_Mesh: {fileID: 4300000, guid: 5e8fbf322ebc11b4daf03c9f5768b003, type: 3}
  m_Bones: []
  m_BlendShapeWeights:
  - 13.8
  m_RootBone: {fileID: 0}
  m_AABB:
    m_Center: {x: 0, y: -3.6789064, z: -0.00000011920929}
    m_Extent: {x: 0.85995287, y: 6.188877, z: 0.87889653}
  m_DirtyAABB: 0
--- !u!137 &137976968105772632
SkinnedMeshRenderer:
  m_ObjectHideFlags: 1
  m_PrefabParentObject: {fileID: 0}
  m_PrefabInternal: {fileID: 100100000}
  m_GameObject: {fileID: 1115548357815472}
  m_Enabled: 1
  m_CastShadows: 1
  m_ReceiveShadows: 1
  m_DynamicOccludee: 1
  m_MotionVectors: 1
  m_LightProbeUsage: 1
  m_ReflectionProbeUsage: 1
  m_Materials:
  - {fileID: 2100000, guid: f9b6a734cceabe543b9deb277e07bd1a, type: 2}
  - {fileID: 2100000, guid: 8b0ce453930e518498f434b771aa0a79, type: 2}
  m_StaticBatchInfo:
    firstSubMesh: 0
    subMeshCount: 0
  m_StaticBatchRoot: {fileID: 0}
  m_ProbeAnchor: {fileID: 0}
  m_LightProbeVolumeOverride: {fileID: 0}
  m_ScaleInLightmap: 1
  m_PreserveUVs: 0
  m_IgnoreNormalsForChartDetection: 0
  m_ImportantGI: 0
  m_StitchLightmapSeams: 0
  m_SelectedEditorRenderState: 3
  m_MinimumChartSize: 4
  m_AutoUVMaxDistance: 0.5
  m_AutoUVMaxAngle: 89
  m_LightmapParameters: {fileID: 0}
  m_SortingLayerID: 0
  m_SortingLayer: 0
  m_SortingOrder: 0
  serializedVersion: 2
  m_Quality: 0
  m_UpdateWhenOffscreen: 1
  m_SkinnedMotionVectors: 1
  m_Mesh: {fileID: 4300000, guid: 5e8fbf322ebc11b4daf03c9f5768b003, type: 3}
  m_Bones: []
  m_BlendShapeWeights:
  - 13.8
  m_RootBone: {fileID: 0}
  m_AABB:
    m_Center: {x: 0, y: -3.6789064, z: -0.00000011920929}
    m_Extent: {x: 0.85995287, y: 6.188877, z: 0.87889653}
  m_DirtyAABB: 0
--- !u!137 &137999083240045554
SkinnedMeshRenderer:
  m_ObjectHideFlags: 1
  m_PrefabParentObject: {fileID: 0}
  m_PrefabInternal: {fileID: 100100000}
  m_GameObject: {fileID: 1381021477229854}
  m_Enabled: 1
  m_CastShadows: 1
  m_ReceiveShadows: 1
  m_DynamicOccludee: 1
  m_MotionVectors: 1
  m_LightProbeUsage: 1
  m_ReflectionProbeUsage: 1
  m_Materials:
  - {fileID: 2100000, guid: f831a25b29966dd48b5b2fa65c2f3b89, type: 2}
  - {fileID: 2100000, guid: 8b0ce453930e518498f434b771aa0a79, type: 2}
  m_StaticBatchInfo:
    firstSubMesh: 0
    subMeshCount: 0
  m_StaticBatchRoot: {fileID: 0}
  m_ProbeAnchor: {fileID: 0}
  m_LightProbeVolumeOverride: {fileID: 0}
  m_ScaleInLightmap: 1
  m_PreserveUVs: 0
  m_IgnoreNormalsForChartDetection: 0
  m_ImportantGI: 0
  m_StitchLightmapSeams: 0
  m_SelectedEditorRenderState: 3
  m_MinimumChartSize: 4
  m_AutoUVMaxDistance: 0.5
  m_AutoUVMaxAngle: 89
  m_LightmapParameters: {fileID: 0}
  m_SortingLayerID: 0
  m_SortingLayer: 0
  m_SortingOrder: 0
  serializedVersion: 2
  m_Quality: 0
  m_UpdateWhenOffscreen: 1
  m_SkinnedMotionVectors: 1
  m_Mesh: {fileID: 4300000, guid: 5e8fbf322ebc11b4daf03c9f5768b003, type: 3}
  m_Bones: []
  m_BlendShapeWeights:
  - 0
  m_RootBone: {fileID: 0}
  m_AABB:
    m_Center: {x: 0, y: -3.6789064, z: -0.00000011920929}
    m_Extent: {x: 0.85995287, y: 6.188877, z: 0.87889653}
  m_DirtyAABB: 0
