%YAML 1.1
%TAG !u! tag:unity3d.com,2011:
--- !u!29 &1
OcclusionCullingSettings:
  m_ObjectHideFlags: 0
  serializedVersion: 2
  m_OcclusionBakeSettings:
    smallestOccluder: 5
    smallestHole: 0.25
    backfaceThreshold: 100
  m_SceneGUID: 00000000000000000000000000000000
  m_OcclusionCullingData: {fileID: 0}
--- !u!104 &2
RenderSettings:
  m_ObjectHideFlags: 0
  serializedVersion: 8
  m_Fog: 0
  m_FogColor: {r: 0.5, g: 0.5, b: 0.5, a: 1}
  m_FogMode: 3
  m_FogDensity: 0.01
  m_LinearFogStart: 0
  m_LinearFogEnd: 300
  m_AmbientSkyColor: {r: 0.7, g: 0.7, b: 0.7, a: 1}
  m_AmbientEquatorColor: {r: 0.114, g: 0.125, b: 0.133, a: 1}
  m_AmbientGroundColor: {r: 0.047, g: 0.043, b: 0.035, a: 1}
  m_AmbientIntensity: 1
  m_AmbientMode: 3
  m_SubtractiveShadowColor: {r: 0.42, g: 0.478, b: 0.627, a: 1}
  m_SkyboxMaterial: {fileID: 0}
  m_HaloStrength: 0.5
  m_FlareStrength: 1
  m_FlareFadeSpeed: 3
  m_HaloTexture: {fileID: 0}
  m_SpotCookie: {fileID: 10001, guid: 0000000000000000e000000000000000, type: 0}
  m_DefaultReflectionMode: 0
  m_DefaultReflectionResolution: 128
  m_ReflectionBounces: 1
  m_ReflectionIntensity: 1
  m_CustomReflection: {fileID: 0}
  m_Sun: {fileID: 0}
  m_IndirectSpecularColor: {r: 0, g: 0, b: 0, a: 1}
--- !u!157 &3
LightmapSettings:
  m_ObjectHideFlags: 0
  serializedVersion: 11
  m_GIWorkflowMode: 0
  m_GISettings:
    serializedVersion: 2
    m_BounceScale: 1
    m_IndirectOutputScale: 1
    m_AlbedoBoost: 1
    m_TemporalCoherenceThreshold: 1
    m_EnvironmentLightingMode: 0
    m_EnableBakedLightmaps: 0
    m_EnableRealtimeLightmaps: 0
  m_LightmapEditorSettings:
    serializedVersion: 9
    m_Resolution: 2
    m_BakeResolution: 40
    m_TextureWidth: 1024
    m_TextureHeight: 1024
    m_AO: 0
    m_AOMaxDistance: 1
    m_CompAOExponent: 1
    m_CompAOExponentDirect: 0
    m_Padding: 2
    m_LightmapParameters: {fileID: 0}
    m_LightmapsBakeMode: 1
    m_TextureCompression: 1
    m_FinalGather: 0
    m_FinalGatherFiltering: 1
    m_FinalGatherRayCount: 256
    m_ReflectionCompression: 2
    m_MixedBakeMode: 2
    m_BakeBackend: 1
    m_PVRSampling: 1
    m_PVRDirectSampleCount: 32
    m_PVRSampleCount: 500
    m_PVRBounces: 2
    m_PVRFilterTypeDirect: 0
    m_PVRFilterTypeIndirect: 0
    m_PVRFilterTypeAO: 0
    m_PVRFilteringMode: 1
    m_PVRCulling: 1
    m_PVRFilteringGaussRadiusDirect: 1
    m_PVRFilteringGaussRadiusIndirect: 5
    m_PVRFilteringGaussRadiusAO: 2
    m_PVRFilteringAtrousPositionSigmaDirect: 0.5
    m_PVRFilteringAtrousPositionSigmaIndirect: 2
    m_PVRFilteringAtrousPositionSigmaAO: 1
    m_ShowResolutionOverlay: 1
  m_LightingDataAsset: {fileID: 0}
  m_UseShadowmask: 1
--- !u!196 &4
NavMeshSettings:
  serializedVersion: 2
  m_ObjectHideFlags: 0
  m_BuildSettings:
    serializedVersion: 2
    agentTypeID: 0
    agentRadius: 0.5
    agentHeight: 2
    agentSlope: 45
    agentClimb: 0.4
    ledgeDropHeight: 0
    maxJumpAcrossDistance: 0
    minRegionArea: 2
    manualCellSize: 0
    cellSize: 0.16666667
    manualTileSize: 0
    tileSize: 256
    accuratePlacement: 0
    debug:
      m_Flags: 0
  m_NavMeshData: {fileID: 0}
--- !u!1001 &128483852
Prefab:
  m_ObjectHideFlags: 0
  serializedVersion: 2
  m_Modification:
    m_TransformParent: {fileID: 1431501751}
    m_Modifications:
    - target: {fileID: 4815928176247728, guid: 05d06cd5c2d327c4392a5526aeafb9ad, type: 2}
      propertyPath: m_LocalPosition.x
      value: 225
      objectReference: {fileID: 0}
    - target: {fileID: 4815928176247728, guid: 05d06cd5c2d327c4392a5526aeafb9ad, type: 2}
      propertyPath: m_LocalPosition.y
      value: 184.99998
      objectReference: {fileID: 0}
    - target: {fileID: 4815928176247728, guid: 05d06cd5c2d327c4392a5526aeafb9ad, type: 2}
      propertyPath: m_LocalPosition.z
      value: -129.0039
      objectReference: {fileID: 0}
    - target: {fileID: 4815928176247728, guid: 05d06cd5c2d327c4392a5526aeafb9ad, type: 2}
      propertyPath: m_LocalRotation.x
      value: -0
      objectReference: {fileID: 0}
    - target: {fileID: 4815928176247728, guid: 05d06cd5c2d327c4392a5526aeafb9ad, type: 2}
      propertyPath: m_LocalRotation.y
      value: -0
      objectReference: {fileID: 0}
    - target: {fileID: 4815928176247728, guid: 05d06cd5c2d327c4392a5526aeafb9ad, type: 2}
      propertyPath: m_LocalRotation.z
      value: -0
      objectReference: {fileID: 0}
    - target: {fileID: 4815928176247728, guid: 05d06cd5c2d327c4392a5526aeafb9ad, type: 2}
      propertyPath: m_LocalRotation.w
      value: 1
      objectReference: {fileID: 0}
    - target: {fileID: 4815928176247728, guid: 05d06cd5c2d327c4392a5526aeafb9ad, type: 2}
      propertyPath: m_RootOrder
      value: 2
      objectReference: {fileID: 0}
    - target: {fileID: 1178767505245362, guid: 05d06cd5c2d327c4392a5526aeafb9ad, type: 2}
      propertyPath: m_Name
      value: Line3
      objectReference: {fileID: 0}
    - target: {fileID: 114165774689457552, guid: 05d06cd5c2d327c4392a5526aeafb9ad,
        type: 2}
      propertyPath: m_text
      value: "It smells delicious, but \nsadly it's not for me."
      objectReference: {fileID: 0}
    - target: {fileID: 114165774689457552, guid: 05d06cd5c2d327c4392a5526aeafb9ad,
        type: 2}
      propertyPath: m_havePropertiesChanged
      value: 1
      objectReference: {fileID: 0}
    - target: {fileID: 114165774689457552, guid: 05d06cd5c2d327c4392a5526aeafb9ad,
        type: 2}
      propertyPath: m_isInputParsingRequired
      value: 1
      objectReference: {fileID: 0}
    - target: {fileID: 114165774689457552, guid: 05d06cd5c2d327c4392a5526aeafb9ad,
        type: 2}
      propertyPath: m_textInfo.characterCount
      value: 48
      objectReference: {fileID: 0}
    - target: {fileID: 114165774689457552, guid: 05d06cd5c2d327c4392a5526aeafb9ad,
        type: 2}
      propertyPath: m_textInfo.spaceCount
      value: 9
      objectReference: {fileID: 0}
    - target: {fileID: 114165774689457552, guid: 05d06cd5c2d327c4392a5526aeafb9ad,
        type: 2}
      propertyPath: m_textInfo.wordCount
      value: 9
      objectReference: {fileID: 0}
    - target: {fileID: 114165774689457552, guid: 05d06cd5c2d327c4392a5526aeafb9ad,
        type: 2}
      propertyPath: m_textInfo.lineCount
      value: 2
      objectReference: {fileID: 0}
    - target: {fileID: 114165774689457552, guid: 05d06cd5c2d327c4392a5526aeafb9ad,
        type: 2}
      propertyPath: m_margin.y
      value: 283.50488
      objectReference: {fileID: 0}
    - target: {fileID: 114165774689457552, guid: 05d06cd5c2d327c4392a5526aeafb9ad,
        type: 2}
      propertyPath: m_margin.x
      value: 356.71475
      objectReference: {fileID: 0}
    - target: {fileID: 114165774689457552, guid: 05d06cd5c2d327c4392a5526aeafb9ad,
        type: 2}
      propertyPath: m_firstOverflowCharacterIndex
      value: -1
      objectReference: {fileID: 0}
    - target: {fileID: 137551165172566186, guid: 05d06cd5c2d327c4392a5526aeafb9ad,
        type: 2}
      propertyPath: m_BlendShapeWeights.Array.data[0]
      value: 42.2
      objectReference: {fileID: 0}
    - target: {fileID: 137551165172566186, guid: 05d06cd5c2d327c4392a5526aeafb9ad,
        type: 2}
      propertyPath: m_BlendShapeWeights.Array.data[1]
      value: 5
      objectReference: {fileID: 0}
    - target: {fileID: 224270456459575770, guid: 05d06cd5c2d327c4392a5526aeafb9ad,
        type: 2}
      propertyPath: m_AnchoredPosition.y
      value: 619.54
      objectReference: {fileID: 0}
    - target: {fileID: 224270456459575770, guid: 05d06cd5c2d327c4392a5526aeafb9ad,
        type: 2}
      propertyPath: m_AnchoredPosition.x
      value: -1105
      objectReference: {fileID: 0}
    - target: {fileID: 1178767505245362, guid: 05d06cd5c2d327c4392a5526aeafb9ad, type: 2}
      propertyPath: m_IsActive
      value: 0
      objectReference: {fileID: 0}
    - target: {fileID: 114165774689457552, guid: 05d06cd5c2d327c4392a5526aeafb9ad,
        type: 2}
      propertyPath: m_margin.w
      value: -42.67777
      objectReference: {fileID: 0}
    - target: {fileID: 4752512193302108, guid: 05d06cd5c2d327c4392a5526aeafb9ad, type: 2}
      propertyPath: m_LocalScale.x
      value: 200
      objectReference: {fileID: 0}
    - target: {fileID: 4752512193302108, guid: 05d06cd5c2d327c4392a5526aeafb9ad, type: 2}
      propertyPath: m_LocalPosition.x
      value: -1251
      objectReference: {fileID: 0}
    - target: {fileID: 114165774689457552, guid: 05d06cd5c2d327c4392a5526aeafb9ad,
        type: 2}
      propertyPath: m_margin.z
      value: -83.51472
      objectReference: {fileID: 0}
    - target: {fileID: 114165774689457552, guid: 05d06cd5c2d327c4392a5526aeafb9ad,
        type: 2}
      propertyPath: m_textInfo.pageCount
      value: 1
      objectReference: {fileID: 0}
    - target: {fileID: 114165774689457552, guid: 05d06cd5c2d327c4392a5526aeafb9ad,
        type: 2}
      propertyPath: m_fontAsset
      value: 
      objectReference: {fileID: 11400000, guid: 8772467c8cd2f30428632f15bb20bc13,
        type: 2}
    - target: {fileID: 114165774689457552, guid: 05d06cd5c2d327c4392a5526aeafb9ad,
        type: 2}
      propertyPath: m_sharedMaterial
      value: 
      objectReference: {fileID: 21972353648010978, guid: 8772467c8cd2f30428632f15bb20bc13,
        type: 2}
    - target: {fileID: 114165774689457552, guid: 05d06cd5c2d327c4392a5526aeafb9ad,
        type: 2}
      propertyPath: m_fontColor.r
      value: 1
      objectReference: {fileID: 0}
    - target: {fileID: 114165774689457552, guid: 05d06cd5c2d327c4392a5526aeafb9ad,
        type: 2}
      propertyPath: m_fontColor.g
      value: 1
      objectReference: {fileID: 0}
    - target: {fileID: 114165774689457552, guid: 05d06cd5c2d327c4392a5526aeafb9ad,
        type: 2}
      propertyPath: m_fontColor.b
      value: 1
      objectReference: {fileID: 0}
    - target: {fileID: 114165774689457552, guid: 05d06cd5c2d327c4392a5526aeafb9ad,
        type: 2}
      propertyPath: m_fontColor32.rgba
      value: 4294967295
      objectReference: {fileID: 0}
    - target: {fileID: 224928305892258808, guid: 05d06cd5c2d327c4392a5526aeafb9ad,
        type: 2}
      propertyPath: m_AnchoredPosition.y
      value: -12.899994
      objectReference: {fileID: 0}
    - target: {fileID: 224928305892258808, guid: 05d06cd5c2d327c4392a5526aeafb9ad,
        type: 2}
      propertyPath: m_AnchoredPosition.x
      value: -2.100006
      objectReference: {fileID: 0}
    - target: {fileID: 4815928176247728, guid: 05d06cd5c2d327c4392a5526aeafb9ad, type: 2}
      propertyPath: m_LocalScale.x
      value: 0.5
      objectReference: {fileID: 0}
    - target: {fileID: 4815928176247728, guid: 05d06cd5c2d327c4392a5526aeafb9ad, type: 2}
      propertyPath: m_LocalScale.y
      value: 0.5
      objectReference: {fileID: 0}
    - target: {fileID: 4815928176247728, guid: 05d06cd5c2d327c4392a5526aeafb9ad, type: 2}
      propertyPath: m_LocalScale.z
      value: 0.5
      objectReference: {fileID: 0}
    m_RemovedComponents: []
  m_ParentPrefab: {fileID: 100100000, guid: 05d06cd5c2d327c4392a5526aeafb9ad, type: 2}
  m_IsPrefabParent: 0
--- !u!1001 &178096271
Prefab:
  m_ObjectHideFlags: 0
  serializedVersion: 2
  m_Modification:
    m_TransformParent: {fileID: 1431501751}
    m_Modifications:
    - target: {fileID: 4815928176247728, guid: 05d06cd5c2d327c4392a5526aeafb9ad, type: 2}
      propertyPath: m_LocalPosition.x
      value: 324.5
      objectReference: {fileID: 0}
    - target: {fileID: 4815928176247728, guid: 05d06cd5c2d327c4392a5526aeafb9ad, type: 2}
      propertyPath: m_LocalPosition.y
      value: 184.99998
      objectReference: {fileID: 0}
    - target: {fileID: 4815928176247728, guid: 05d06cd5c2d327c4392a5526aeafb9ad, type: 2}
      propertyPath: m_LocalPosition.z
      value: -129.0039
      objectReference: {fileID: 0}
    - target: {fileID: 4815928176247728, guid: 05d06cd5c2d327c4392a5526aeafb9ad, type: 2}
      propertyPath: m_LocalRotation.x
      value: -0
      objectReference: {fileID: 0}
    - target: {fileID: 4815928176247728, guid: 05d06cd5c2d327c4392a5526aeafb9ad, type: 2}
      propertyPath: m_LocalRotation.y
      value: -0
      objectReference: {fileID: 0}
    - target: {fileID: 4815928176247728, guid: 05d06cd5c2d327c4392a5526aeafb9ad, type: 2}
      propertyPath: m_LocalRotation.z
      value: -0
      objectReference: {fileID: 0}
    - target: {fileID: 4815928176247728, guid: 05d06cd5c2d327c4392a5526aeafb9ad, type: 2}
      propertyPath: m_LocalRotation.w
      value: 1
      objectReference: {fileID: 0}
    - target: {fileID: 4815928176247728, guid: 05d06cd5c2d327c4392a5526aeafb9ad, type: 2}
      propertyPath: m_RootOrder
      value: 0
      objectReference: {fileID: 0}
    - target: {fileID: 1178767505245362, guid: 05d06cd5c2d327c4392a5526aeafb9ad, type: 2}
      propertyPath: m_Name
      value: Line1
      objectReference: {fileID: 0}
    - target: {fileID: 114165774689457552, guid: 05d06cd5c2d327c4392a5526aeafb9ad,
        type: 2}
      propertyPath: m_text
      value: "With no address, \ndelivering this bottle \nmight be beyond me."
      objectReference: {fileID: 0}
    - target: {fileID: 114165774689457552, guid: 05d06cd5c2d327c4392a5526aeafb9ad,
        type: 2}
      propertyPath: m_havePropertiesChanged
      value: 1
      objectReference: {fileID: 0}
    - target: {fileID: 114165774689457552, guid: 05d06cd5c2d327c4392a5526aeafb9ad,
        type: 2}
      propertyPath: m_isInputParsingRequired
      value: 1
      objectReference: {fileID: 0}
    - target: {fileID: 114165774689457552, guid: 05d06cd5c2d327c4392a5526aeafb9ad,
        type: 2}
      propertyPath: m_textInfo.characterCount
      value: 61
      objectReference: {fileID: 0}
    - target: {fileID: 114165774689457552, guid: 05d06cd5c2d327c4392a5526aeafb9ad,
        type: 2}
      propertyPath: m_textInfo.spaceCount
      value: 11
      objectReference: {fileID: 0}
    - target: {fileID: 114165774689457552, guid: 05d06cd5c2d327c4392a5526aeafb9ad,
        type: 2}
      propertyPath: m_textInfo.wordCount
      value: 10
      objectReference: {fileID: 0}
    - target: {fileID: 114165774689457552, guid: 05d06cd5c2d327c4392a5526aeafb9ad,
        type: 2}
      propertyPath: m_textInfo.lineCount
      value: 3
      objectReference: {fileID: 0}
    - target: {fileID: 114165774689457552, guid: 05d06cd5c2d327c4392a5526aeafb9ad,
        type: 2}
      propertyPath: m_margin.y
      value: 251.14226
      objectReference: {fileID: 0}
    - target: {fileID: 114165774689457552, guid: 05d06cd5c2d327c4392a5526aeafb9ad,
        type: 2}
      propertyPath: m_margin.x
      value: 286.5054
      objectReference: {fileID: 0}
    - target: {fileID: 114165774689457552, guid: 05d06cd5c2d327c4392a5526aeafb9ad,
        type: 2}
      propertyPath: m_firstOverflowCharacterIndex
      value: 42
      objectReference: {fileID: 0}
    - target: {fileID: 137551165172566186, guid: 05d06cd5c2d327c4392a5526aeafb9ad,
        type: 2}
      propertyPath: m_BlendShapeWeights.Array.data[0]
      value: 40.1
      objectReference: {fileID: 0}
    - target: {fileID: 137551165172566186, guid: 05d06cd5c2d327c4392a5526aeafb9ad,
        type: 2}
      propertyPath: m_BlendShapeWeights.Array.data[1]
      value: 11.6
      objectReference: {fileID: 0}
    - target: {fileID: 1178767505245362, guid: 05d06cd5c2d327c4392a5526aeafb9ad, type: 2}
      propertyPath: m_IsActive
      value: 0
      objectReference: {fileID: 0}
    - target: {fileID: 224270456459575770, guid: 05d06cd5c2d327c4392a5526aeafb9ad,
        type: 2}
      propertyPath: m_AnchoredPosition.x
      value: -1098
      objectReference: {fileID: 0}
    - target: {fileID: 224270456459575770, guid: 05d06cd5c2d327c4392a5526aeafb9ad,
        type: 2}
      propertyPath: m_AnchoredPosition.y
      value: 642
      objectReference: {fileID: 0}
    - target: {fileID: 4752512193302108, guid: 05d06cd5c2d327c4392a5526aeafb9ad, type: 2}
      propertyPath: m_LocalScale.x
      value: 200
      objectReference: {fileID: 0}
    - target: {fileID: 4752512193302108, guid: 05d06cd5c2d327c4392a5526aeafb9ad, type: 2}
      propertyPath: m_LocalPosition.x
      value: -1454
      objectReference: {fileID: 0}
    - target: {fileID: 114165774689457552, guid: 05d06cd5c2d327c4392a5526aeafb9ad,
        type: 2}
      propertyPath: m_textInfo.pageCount
      value: 1
      objectReference: {fileID: 0}
    - target: {fileID: 114165774689457552, guid: 05d06cd5c2d327c4392a5526aeafb9ad,
        type: 2}
      propertyPath: m_margin.z
      value: 66.79804
      objectReference: {fileID: 0}
    - target: {fileID: 114165774689457552, guid: 05d06cd5c2d327c4392a5526aeafb9ad,
        type: 2}
      propertyPath: m_fontAsset
      value: 
      objectReference: {fileID: 11400000, guid: 8772467c8cd2f30428632f15bb20bc13,
        type: 2}
    - target: {fileID: 114165774689457552, guid: 05d06cd5c2d327c4392a5526aeafb9ad,
        type: 2}
      propertyPath: m_sharedMaterial
      value: 
      objectReference: {fileID: 21972353648010978, guid: 8772467c8cd2f30428632f15bb20bc13,
        type: 2}
    - target: {fileID: 114165774689457552, guid: 05d06cd5c2d327c4392a5526aeafb9ad,
        type: 2}
      propertyPath: m_fontColor.r
      value: 1
      objectReference: {fileID: 0}
    - target: {fileID: 114165774689457552, guid: 05d06cd5c2d327c4392a5526aeafb9ad,
        type: 2}
      propertyPath: m_fontColor.g
      value: 1
      objectReference: {fileID: 0}
    - target: {fileID: 114165774689457552, guid: 05d06cd5c2d327c4392a5526aeafb9ad,
        type: 2}
      propertyPath: m_fontColor.b
      value: 1
      objectReference: {fileID: 0}
    - target: {fileID: 114165774689457552, guid: 05d06cd5c2d327c4392a5526aeafb9ad,
        type: 2}
      propertyPath: m_fontColor32.rgba
      value: 4294967295
      objectReference: {fileID: 0}
    - target: {fileID: 224928305892258808, guid: 05d06cd5c2d327c4392a5526aeafb9ad,
        type: 2}
      propertyPath: m_AnchoredPosition.y
      value: -15.4
      objectReference: {fileID: 0}
    - target: {fileID: 4815928176247728, guid: 05d06cd5c2d327c4392a5526aeafb9ad, type: 2}
      propertyPath: m_LocalScale.x
      value: 0.5
      objectReference: {fileID: 0}
    - target: {fileID: 4815928176247728, guid: 05d06cd5c2d327c4392a5526aeafb9ad, type: 2}
      propertyPath: m_LocalScale.y
      value: 0.5
      objectReference: {fileID: 0}
    - target: {fileID: 4815928176247728, guid: 05d06cd5c2d327c4392a5526aeafb9ad, type: 2}
      propertyPath: m_LocalScale.z
      value: 0.5
      objectReference: {fileID: 0}
    m_RemovedComponents: []
  m_ParentPrefab: {fileID: 100100000, guid: 05d06cd5c2d327c4392a5526aeafb9ad, type: 2}
  m_IsPrefabParent: 0
--- !u!1001 &298886850
Prefab:
  m_ObjectHideFlags: 0
  serializedVersion: 2
  m_Modification:
    m_TransformParent: {fileID: 1431501751}
    m_Modifications:
    - target: {fileID: 4815928176247728, guid: 05d06cd5c2d327c4392a5526aeafb9ad, type: 2}
      propertyPath: m_LocalPosition.x
      value: 363
      objectReference: {fileID: 0}
    - target: {fileID: 4815928176247728, guid: 05d06cd5c2d327c4392a5526aeafb9ad, type: 2}
      propertyPath: m_LocalPosition.y
      value: 456
      objectReference: {fileID: 0}
    - target: {fileID: 4815928176247728, guid: 05d06cd5c2d327c4392a5526aeafb9ad, type: 2}
      propertyPath: m_LocalPosition.z
      value: 159.99756
      objectReference: {fileID: 0}
    - target: {fileID: 4815928176247728, guid: 05d06cd5c2d327c4392a5526aeafb9ad, type: 2}
      propertyPath: m_LocalRotation.x
      value: -0
      objectReference: {fileID: 0}
    - target: {fileID: 4815928176247728, guid: 05d06cd5c2d327c4392a5526aeafb9ad, type: 2}
      propertyPath: m_LocalRotation.y
      value: -0
      objectReference: {fileID: 0}
    - target: {fileID: 4815928176247728, guid: 05d06cd5c2d327c4392a5526aeafb9ad, type: 2}
      propertyPath: m_LocalRotation.z
      value: -0
      objectReference: {fileID: 0}
    - target: {fileID: 4815928176247728, guid: 05d06cd5c2d327c4392a5526aeafb9ad, type: 2}
      propertyPath: m_LocalRotation.w
      value: 1
      objectReference: {fileID: 0}
    - target: {fileID: 4815928176247728, guid: 05d06cd5c2d327c4392a5526aeafb9ad, type: 2}
      propertyPath: m_RootOrder
      value: 5
      objectReference: {fileID: 0}
    - target: {fileID: 1178767505245362, guid: 05d06cd5c2d327c4392a5526aeafb9ad, type: 2}
      propertyPath: m_Name
      value: Line6
      objectReference: {fileID: 0}
    - target: {fileID: 114165774689457552, guid: 05d06cd5c2d327c4392a5526aeafb9ad,
        type: 2}
      propertyPath: m_text
      value: "Sure, sounds like \na fun challenge!"
      objectReference: {fileID: 0}
    - target: {fileID: 114165774689457552, guid: 05d06cd5c2d327c4392a5526aeafb9ad,
        type: 2}
      propertyPath: m_havePropertiesChanged
      value: 1
      objectReference: {fileID: 0}
    - target: {fileID: 114165774689457552, guid: 05d06cd5c2d327c4392a5526aeafb9ad,
        type: 2}
      propertyPath: m_isInputParsingRequired
      value: 1
      objectReference: {fileID: 0}
    - target: {fileID: 114165774689457552, guid: 05d06cd5c2d327c4392a5526aeafb9ad,
        type: 2}
      propertyPath: m_textInfo.characterCount
      value: 35
      objectReference: {fileID: 0}
    - target: {fileID: 114165774689457552, guid: 05d06cd5c2d327c4392a5526aeafb9ad,
        type: 2}
      propertyPath: m_textInfo.spaceCount
      value: 6
      objectReference: {fileID: 0}
    - target: {fileID: 114165774689457552, guid: 05d06cd5c2d327c4392a5526aeafb9ad,
        type: 2}
      propertyPath: m_textInfo.wordCount
      value: 6
      objectReference: {fileID: 0}
    - target: {fileID: 114165774689457552, guid: 05d06cd5c2d327c4392a5526aeafb9ad,
        type: 2}
      propertyPath: m_textInfo.lineCount
      value: 2
      objectReference: {fileID: 0}
    - target: {fileID: 114165774689457552, guid: 05d06cd5c2d327c4392a5526aeafb9ad,
        type: 2}
      propertyPath: m_margin.x
      value: 309.60455
      objectReference: {fileID: 0}
    - target: {fileID: 114165774689457552, guid: 05d06cd5c2d327c4392a5526aeafb9ad,
        type: 2}
      propertyPath: m_margin.y
      value: 288.0293
      objectReference: {fileID: 0}
    - target: {fileID: 114165774689457552, guid: 05d06cd5c2d327c4392a5526aeafb9ad,
        type: 2}
      propertyPath: m_firstOverflowCharacterIndex
      value: -1
      objectReference: {fileID: 0}
    - target: {fileID: 137551165172566186, guid: 05d06cd5c2d327c4392a5526aeafb9ad,
        type: 2}
      propertyPath: m_BlendShapeWeights.Array.data[1]
      value: 5
      objectReference: {fileID: 0}
    - target: {fileID: 137551165172566186, guid: 05d06cd5c2d327c4392a5526aeafb9ad,
        type: 2}
      propertyPath: m_BlendShapeWeights.Array.data[0]
      value: 28.46
      objectReference: {fileID: 0}
    - target: {fileID: 1178767505245362, guid: 05d06cd5c2d327c4392a5526aeafb9ad, type: 2}
      propertyPath: m_IsActive
      value: 0
      objectReference: {fileID: 0}
    - target: {fileID: 114165774689457552, guid: 05d06cd5c2d327c4392a5526aeafb9ad,
        type: 2}
      propertyPath: m_margin.w
      value: -42.874275
      objectReference: {fileID: 0}
    - target: {fileID: 224270456459575770, guid: 05d06cd5c2d327c4392a5526aeafb9ad,
        type: 2}
      propertyPath: m_AnchoredPosition.y
      value: 530
      objectReference: {fileID: 0}
    - target: {fileID: 224270456459575770, guid: 05d06cd5c2d327c4392a5526aeafb9ad,
        type: 2}
      propertyPath: m_AnchoredPosition.x
      value: -800
      objectReference: {fileID: 0}
    - target: {fileID: 224928305892258808, guid: 05d06cd5c2d327c4392a5526aeafb9ad,
        type: 2}
      propertyPath: m_AnchoredPosition.y
      value: 19.1
      objectReference: {fileID: 0}
    - target: {fileID: 224928305892258808, guid: 05d06cd5c2d327c4392a5526aeafb9ad,
        type: 2}
      propertyPath: m_AnchoredPosition.x
      value: 75.4
      objectReference: {fileID: 0}
    - target: {fileID: 114165774689457552, guid: 05d06cd5c2d327c4392a5526aeafb9ad,
        type: 2}
      propertyPath: m_fontAsset
      value: 
      objectReference: {fileID: 11400000, guid: 8772467c8cd2f30428632f15bb20bc13,
        type: 2}
    - target: {fileID: 114165774689457552, guid: 05d06cd5c2d327c4392a5526aeafb9ad,
        type: 2}
      propertyPath: m_sharedMaterial
      value: 
      objectReference: {fileID: 21972353648010978, guid: 8772467c8cd2f30428632f15bb20bc13,
        type: 2}
    - target: {fileID: 114165774689457552, guid: 05d06cd5c2d327c4392a5526aeafb9ad,
        type: 2}
      propertyPath: m_fontColor.r
      value: 1
      objectReference: {fileID: 0}
    - target: {fileID: 114165774689457552, guid: 05d06cd5c2d327c4392a5526aeafb9ad,
        type: 2}
      propertyPath: m_fontColor.g
      value: 1
      objectReference: {fileID: 0}
    - target: {fileID: 114165774689457552, guid: 05d06cd5c2d327c4392a5526aeafb9ad,
        type: 2}
      propertyPath: m_fontColor.b
      value: 1
      objectReference: {fileID: 0}
    - target: {fileID: 114165774689457552, guid: 05d06cd5c2d327c4392a5526aeafb9ad,
        type: 2}
      propertyPath: m_fontColor32.rgba
      value: 4294967295
      objectReference: {fileID: 0}
    - target: {fileID: 4815928176247728, guid: 05d06cd5c2d327c4392a5526aeafb9ad, type: 2}
      propertyPath: m_LocalScale.x
      value: 1
      objectReference: {fileID: 0}
    - target: {fileID: 4815928176247728, guid: 05d06cd5c2d327c4392a5526aeafb9ad, type: 2}
      propertyPath: m_LocalScale.y
      value: 1
      objectReference: {fileID: 0}
    - target: {fileID: 4815928176247728, guid: 05d06cd5c2d327c4392a5526aeafb9ad, type: 2}
      propertyPath: m_LocalScale.z
      value: 1
      objectReference: {fileID: 0}
    m_RemovedComponents: []
  m_ParentPrefab: {fileID: 100100000, guid: 05d06cd5c2d327c4392a5526aeafb9ad, type: 2}
  m_IsPrefabParent: 0
--- !u!1001 &610696311
Prefab:
  m_ObjectHideFlags: 0
  serializedVersion: 2
  m_Modification:
    m_TransformParent: {fileID: 1431501751}
    m_Modifications:
    - target: {fileID: 4815928176247728, guid: 05d06cd5c2d327c4392a5526aeafb9ad, type: 2}
      propertyPath: m_LocalPosition.x
      value: 225
      objectReference: {fileID: 0}
    - target: {fileID: 4815928176247728, guid: 05d06cd5c2d327c4392a5526aeafb9ad, type: 2}
      propertyPath: m_LocalPosition.y
      value: 184.99998
      objectReference: {fileID: 0}
    - target: {fileID: 4815928176247728, guid: 05d06cd5c2d327c4392a5526aeafb9ad, type: 2}
      propertyPath: m_LocalPosition.z
      value: -129.0039
      objectReference: {fileID: 0}
    - target: {fileID: 4815928176247728, guid: 05d06cd5c2d327c4392a5526aeafb9ad, type: 2}
      propertyPath: m_LocalRotation.x
      value: -0
      objectReference: {fileID: 0}
    - target: {fileID: 4815928176247728, guid: 05d06cd5c2d327c4392a5526aeafb9ad, type: 2}
      propertyPath: m_LocalRotation.y
      value: -0
      objectReference: {fileID: 0}
    - target: {fileID: 4815928176247728, guid: 05d06cd5c2d327c4392a5526aeafb9ad, type: 2}
      propertyPath: m_LocalRotation.z
      value: -0
      objectReference: {fileID: 0}
    - target: {fileID: 4815928176247728, guid: 05d06cd5c2d327c4392a5526aeafb9ad, type: 2}
      propertyPath: m_LocalRotation.w
      value: 1
      objectReference: {fileID: 0}
    - target: {fileID: 4815928176247728, guid: 05d06cd5c2d327c4392a5526aeafb9ad, type: 2}
      propertyPath: m_RootOrder
      value: 4
      objectReference: {fileID: 0}
    - target: {fileID: 1178767505245362, guid: 05d06cd5c2d327c4392a5526aeafb9ad, type: 2}
      propertyPath: m_Name
      value: Line5
      objectReference: {fileID: 0}
    - target: {fileID: 114165774689457552, guid: 05d06cd5c2d327c4392a5526aeafb9ad,
        type: 2}
      propertyPath: m_text
      value: 'Really? Can you help

        find the person this

        bottle is meant for?'
      objectReference: {fileID: 0}
    - target: {fileID: 114165774689457552, guid: 05d06cd5c2d327c4392a5526aeafb9ad,
        type: 2}
      propertyPath: m_havePropertiesChanged
      value: 0
      objectReference: {fileID: 0}
    - target: {fileID: 114165774689457552, guid: 05d06cd5c2d327c4392a5526aeafb9ad,
        type: 2}
      propertyPath: m_isInputParsingRequired
      value: 0
      objectReference: {fileID: 0}
    - target: {fileID: 114165774689457552, guid: 05d06cd5c2d327c4392a5526aeafb9ad,
        type: 2}
      propertyPath: m_textInfo.characterCount
      value: 62
      objectReference: {fileID: 0}
    - target: {fileID: 114165774689457552, guid: 05d06cd5c2d327c4392a5526aeafb9ad,
        type: 2}
      propertyPath: m_textInfo.spaceCount
      value: 11
      objectReference: {fileID: 0}
    - target: {fileID: 114165774689457552, guid: 05d06cd5c2d327c4392a5526aeafb9ad,
        type: 2}
      propertyPath: m_textInfo.wordCount
      value: 12
      objectReference: {fileID: 0}
    - target: {fileID: 114165774689457552, guid: 05d06cd5c2d327c4392a5526aeafb9ad,
        type: 2}
      propertyPath: m_textInfo.lineCount
      value: 3
      objectReference: {fileID: 0}
    - target: {fileID: 114165774689457552, guid: 05d06cd5c2d327c4392a5526aeafb9ad,
        type: 2}
      propertyPath: m_margin.y
      value: 283.50488
      objectReference: {fileID: 0}
    - target: {fileID: 114165774689457552, guid: 05d06cd5c2d327c4392a5526aeafb9ad,
        type: 2}
      propertyPath: m_margin.x
      value: 356.71475
      objectReference: {fileID: 0}
    - target: {fileID: 114165774689457552, guid: 05d06cd5c2d327c4392a5526aeafb9ad,
        type: 2}
      propertyPath: m_firstOverflowCharacterIndex
      value: 42
      objectReference: {fileID: 0}
    - target: {fileID: 137551165172566186, guid: 05d06cd5c2d327c4392a5526aeafb9ad,
        type: 2}
      propertyPath: m_BlendShapeWeights.Array.data[0]
      value: 38.79
      objectReference: {fileID: 0}
    - target: {fileID: 137551165172566186, guid: 05d06cd5c2d327c4392a5526aeafb9ad,
        type: 2}
      propertyPath: m_BlendShapeWeights.Array.data[1]
      value: 10.4
      objectReference: {fileID: 0}
    - target: {fileID: 224270456459575770, guid: 05d06cd5c2d327c4392a5526aeafb9ad,
        type: 2}
      propertyPath: m_AnchoredPosition.y
      value: 711
      objectReference: {fileID: 0}
    - target: {fileID: 224270456459575770, guid: 05d06cd5c2d327c4392a5526aeafb9ad,
        type: 2}
      propertyPath: m_AnchoredPosition.x
      value: -1105
      objectReference: {fileID: 0}
    - target: {fileID: 1178767505245362, guid: 05d06cd5c2d327c4392a5526aeafb9ad, type: 2}
      propertyPath: m_IsActive
      value: 1
      objectReference: {fileID: 0}
    - target: {fileID: 114165774689457552, guid: 05d06cd5c2d327c4392a5526aeafb9ad,
        type: 2}
      propertyPath: m_margin.w
      value: -42.67777
      objectReference: {fileID: 0}
    - target: {fileID: 4752512193302108, guid: 05d06cd5c2d327c4392a5526aeafb9ad, type: 2}
      propertyPath: m_LocalScale.x
      value: 200
      objectReference: {fileID: 0}
    - target: {fileID: 4752512193302108, guid: 05d06cd5c2d327c4392a5526aeafb9ad, type: 2}
      propertyPath: m_LocalPosition.x
      value: -1251
      objectReference: {fileID: 0}
    - target: {fileID: 114165774689457552, guid: 05d06cd5c2d327c4392a5526aeafb9ad,
        type: 2}
      propertyPath: m_margin.z
      value: -83.51472
      objectReference: {fileID: 0}
    - target: {fileID: 114165774689457552, guid: 05d06cd5c2d327c4392a5526aeafb9ad,
        type: 2}
      propertyPath: m_textInfo.pageCount
      value: 1
      objectReference: {fileID: 0}
    - target: {fileID: 114165774689457552, guid: 05d06cd5c2d327c4392a5526aeafb9ad,
        type: 2}
      propertyPath: m_fontAsset
      value: 
      objectReference: {fileID: 11400000, guid: 8772467c8cd2f30428632f15bb20bc13,
        type: 2}
    - target: {fileID: 114165774689457552, guid: 05d06cd5c2d327c4392a5526aeafb9ad,
        type: 2}
      propertyPath: m_sharedMaterial
      value: 
      objectReference: {fileID: 21972353648010978, guid: 8772467c8cd2f30428632f15bb20bc13,
        type: 2}
    - target: {fileID: 114165774689457552, guid: 05d06cd5c2d327c4392a5526aeafb9ad,
        type: 2}
      propertyPath: m_fontColor.r
      value: 1
      objectReference: {fileID: 0}
    - target: {fileID: 114165774689457552, guid: 05d06cd5c2d327c4392a5526aeafb9ad,
        type: 2}
      propertyPath: m_fontColor.g
      value: 1
      objectReference: {fileID: 0}
    - target: {fileID: 114165774689457552, guid: 05d06cd5c2d327c4392a5526aeafb9ad,
        type: 2}
      propertyPath: m_fontColor.b
      value: 1
      objectReference: {fileID: 0}
    - target: {fileID: 114165774689457552, guid: 05d06cd5c2d327c4392a5526aeafb9ad,
        type: 2}
      propertyPath: m_fontColor32.rgba
      value: 4294967295
      objectReference: {fileID: 0}
    - target: {fileID: 224928305892258808, guid: 05d06cd5c2d327c4392a5526aeafb9ad,
        type: 2}
      propertyPath: m_AnchoredPosition.y
      value: -12
      objectReference: {fileID: 0}
    - target: {fileID: 224928305892258808, guid: 05d06cd5c2d327c4392a5526aeafb9ad,
        type: 2}
      propertyPath: m_AnchoredPosition.x
      value: -2.100006
      objectReference: {fileID: 0}
    - target: {fileID: 4815928176247728, guid: 05d06cd5c2d327c4392a5526aeafb9ad, type: 2}
      propertyPath: m_LocalScale.x
      value: 0.5
      objectReference: {fileID: 0}
    - target: {fileID: 4815928176247728, guid: 05d06cd5c2d327c4392a5526aeafb9ad, type: 2}
      propertyPath: m_LocalScale.y
      value: 0.5
      objectReference: {fileID: 0}
    - target: {fileID: 4815928176247728, guid: 05d06cd5c2d327c4392a5526aeafb9ad, type: 2}
      propertyPath: m_LocalScale.z
      value: 0.5
      objectReference: {fileID: 0}
    m_RemovedComponents: []
  m_ParentPrefab: {fileID: 100100000, guid: 05d06cd5c2d327c4392a5526aeafb9ad, type: 2}
  m_IsPrefabParent: 0
--- !u!1 &719276799
GameObject:
  m_ObjectHideFlags: 0
  m_PrefabParentObject: {fileID: 0}
  m_PrefabInternal: {fileID: 0}
  serializedVersion: 5
  m_Component:
  - component: {fileID: 719276801}
  - component: {fileID: 719276800}
  m_Layer: 0
  m_Name: SceneRoot
  m_TagString: Untagged
  m_Icon: {fileID: 0}
  m_NavMeshLayer: 0
  m_StaticEditorFlags: 0
  m_IsActive: 1
--- !u!114 &719276800
MonoBehaviour:
  m_ObjectHideFlags: 0
  m_PrefabParentObject: {fileID: 0}
  m_PrefabInternal: {fileID: 0}
  m_GameObject: {fileID: 719276799}
  m_Enabled: 1
  m_EditorHideFlags: 0
  m_Script: {fileID: 11500000, guid: 7e835f79506e4cd41b639b3475dc9f8c, type: 3}
  m_Name: 
  m_EditorClassIdentifier: 
--- !u!4 &719276801
Transform:
  m_ObjectHideFlags: 0
  m_PrefabParentObject: {fileID: 0}
  m_PrefabInternal: {fileID: 0}
  m_GameObject: {fileID: 719276799}
  m_LocalRotation: {x: 0, y: 0, z: 0, w: 1}
  m_LocalPosition: {x: 0, y: 0, z: 0}
  m_LocalScale: {x: 1, y: 1, z: 1}
  m_Children:
  - {fileID: 1431501755}
  m_Father: {fileID: 0}
  m_RootOrder: 0
  m_LocalEulerAnglesHint: {x: 0, y: 0, z: 0}
--- !u!1001 &1071754760
Prefab:
  m_ObjectHideFlags: 0
  serializedVersion: 2
  m_Modification:
    m_TransformParent: {fileID: 1431501751}
    m_Modifications:
    - target: {fileID: 4815928176247728, guid: 05d06cd5c2d327c4392a5526aeafb9ad, type: 2}
      propertyPath: m_LocalPosition.x
      value: 363
      objectReference: {fileID: 0}
    - target: {fileID: 4815928176247728, guid: 05d06cd5c2d327c4392a5526aeafb9ad, type: 2}
      propertyPath: m_LocalPosition.y
      value: 456
      objectReference: {fileID: 0}
    - target: {fileID: 4815928176247728, guid: 05d06cd5c2d327c4392a5526aeafb9ad, type: 2}
      propertyPath: m_LocalPosition.z
      value: 160
      objectReference: {fileID: 0}
    - target: {fileID: 4815928176247728, guid: 05d06cd5c2d327c4392a5526aeafb9ad, type: 2}
      propertyPath: m_LocalRotation.x
      value: 0
      objectReference: {fileID: 0}
    - target: {fileID: 4815928176247728, guid: 05d06cd5c2d327c4392a5526aeafb9ad, type: 2}
      propertyPath: m_LocalRotation.y
      value: 0
      objectReference: {fileID: 0}
    - target: {fileID: 4815928176247728, guid: 05d06cd5c2d327c4392a5526aeafb9ad, type: 2}
      propertyPath: m_LocalRotation.z
      value: 0
      objectReference: {fileID: 0}
    - target: {fileID: 4815928176247728, guid: 05d06cd5c2d327c4392a5526aeafb9ad, type: 2}
      propertyPath: m_LocalRotation.w
      value: 1
      objectReference: {fileID: 0}
    - target: {fileID: 4815928176247728, guid: 05d06cd5c2d327c4392a5526aeafb9ad, type: 2}
      propertyPath: m_RootOrder
      value: 1
      objectReference: {fileID: 0}
    - target: {fileID: 1178767505245362, guid: 05d06cd5c2d327c4392a5526aeafb9ad, type: 2}
      propertyPath: m_Name
      value: Line2
      objectReference: {fileID: 0}
    - target: {fileID: 114165774689457552, guid: 05d06cd5c2d327c4392a5526aeafb9ad,
        type: 2}
      propertyPath: m_text
      value: "Hey there, did you \norder a pizza?"
      objectReference: {fileID: 0}
    - target: {fileID: 114165774689457552, guid: 05d06cd5c2d327c4392a5526aeafb9ad,
        type: 2}
      propertyPath: m_havePropertiesChanged
      value: 1
      objectReference: {fileID: 0}
    - target: {fileID: 114165774689457552, guid: 05d06cd5c2d327c4392a5526aeafb9ad,
        type: 2}
      propertyPath: m_isInputParsingRequired
      value: 1
      objectReference: {fileID: 0}
    - target: {fileID: 114165774689457552, guid: 05d06cd5c2d327c4392a5526aeafb9ad,
        type: 2}
      propertyPath: m_textInfo.characterCount
      value: 34
      objectReference: {fileID: 0}
    - target: {fileID: 114165774689457552, guid: 05d06cd5c2d327c4392a5526aeafb9ad,
        type: 2}
      propertyPath: m_textInfo.spaceCount
      value: 7
      objectReference: {fileID: 0}
    - target: {fileID: 114165774689457552, guid: 05d06cd5c2d327c4392a5526aeafb9ad,
        type: 2}
      propertyPath: m_textInfo.wordCount
      value: 7
      objectReference: {fileID: 0}
    - target: {fileID: 114165774689457552, guid: 05d06cd5c2d327c4392a5526aeafb9ad,
        type: 2}
      propertyPath: m_textInfo.lineCount
      value: 2
      objectReference: {fileID: 0}
    - target: {fileID: 114165774689457552, guid: 05d06cd5c2d327c4392a5526aeafb9ad,
        type: 2}
      propertyPath: m_margin.y
      value: 251.14226
      objectReference: {fileID: 0}
    - target: {fileID: 114165774689457552, guid: 05d06cd5c2d327c4392a5526aeafb9ad,
        type: 2}
      propertyPath: m_margin.x
      value: 286.5054
      objectReference: {fileID: 0}
    - target: {fileID: 114165774689457552, guid: 05d06cd5c2d327c4392a5526aeafb9ad,
        type: 2}
      propertyPath: m_firstOverflowCharacterIndex
      value: -1
      objectReference: {fileID: 0}
    - target: {fileID: 137551165172566186, guid: 05d06cd5c2d327c4392a5526aeafb9ad,
        type: 2}
      propertyPath: m_BlendShapeWeights.Array.data[0]
      value: 33.07
      objectReference: {fileID: 0}
    - target: {fileID: 137551165172566186, guid: 05d06cd5c2d327c4392a5526aeafb9ad,
        type: 2}
      propertyPath: m_BlendShapeWeights.Array.data[1]
      value: 4.4
      objectReference: {fileID: 0}
    - target: {fileID: 1178767505245362, guid: 05d06cd5c2d327c4392a5526aeafb9ad, type: 2}
      propertyPath: m_IsActive
      value: 0
      objectReference: {fileID: 0}
    - target: {fileID: 224270456459575770, guid: 05d06cd5c2d327c4392a5526aeafb9ad,
        type: 2}
      propertyPath: m_AnchoredPosition.x
      value: -786
      objectReference: {fileID: 0}
    - target: {fileID: 224270456459575770, guid: 05d06cd5c2d327c4392a5526aeafb9ad,
        type: 2}
      propertyPath: m_AnchoredPosition.y
      value: 388
      objectReference: {fileID: 0}
    - target: {fileID: 224928305892258808, guid: 05d06cd5c2d327c4392a5526aeafb9ad,
        type: 2}
      propertyPath: m_AnchoredPosition.y
      value: 28
      objectReference: {fileID: 0}
    - target: {fileID: 224928305892258808, guid: 05d06cd5c2d327c4392a5526aeafb9ad,
        type: 2}
      propertyPath: m_AnchoredPosition.x
      value: 62.2
      objectReference: {fileID: 0}
    - target: {fileID: 114165774689457552, guid: 05d06cd5c2d327c4392a5526aeafb9ad,
        type: 2}
      propertyPath: m_fontAsset
      value: 
      objectReference: {fileID: 11400000, guid: 8772467c8cd2f30428632f15bb20bc13,
        type: 2}
    - target: {fileID: 114165774689457552, guid: 05d06cd5c2d327c4392a5526aeafb9ad,
        type: 2}
      propertyPath: m_sharedMaterial
      value: 
      objectReference: {fileID: 21972353648010978, guid: 8772467c8cd2f30428632f15bb20bc13,
        type: 2}
    - target: {fileID: 114165774689457552, guid: 05d06cd5c2d327c4392a5526aeafb9ad,
        type: 2}
      propertyPath: m_fontColor.r
      value: 1
      objectReference: {fileID: 0}
    - target: {fileID: 114165774689457552, guid: 05d06cd5c2d327c4392a5526aeafb9ad,
        type: 2}
      propertyPath: m_fontColor.g
      value: 1
      objectReference: {fileID: 0}
    - target: {fileID: 114165774689457552, guid: 05d06cd5c2d327c4392a5526aeafb9ad,
        type: 2}
      propertyPath: m_fontColor.b
      value: 1
      objectReference: {fileID: 0}
    - target: {fileID: 114165774689457552, guid: 05d06cd5c2d327c4392a5526aeafb9ad,
        type: 2}
      propertyPath: m_fontColor32.rgba
      value: 4294967295
      objectReference: {fileID: 0}
    m_RemovedComponents: []
  m_ParentPrefab: {fileID: 100100000, guid: 05d06cd5c2d327c4392a5526aeafb9ad, type: 2}
  m_IsPrefabParent: 0
--- !u!1001 &1329929180
Prefab:
  m_ObjectHideFlags: 0
  serializedVersion: 2
  m_Modification:
    m_TransformParent: {fileID: 1849693761}
    m_Modifications:
    - target: {fileID: 4358593073685992, guid: f9e07367451f693449b08717e08d985a, type: 2}
      propertyPath: m_LocalPosition.x
      value: -277
      objectReference: {fileID: 0}
    - target: {fileID: 4358593073685992, guid: f9e07367451f693449b08717e08d985a, type: 2}
      propertyPath: m_LocalPosition.y
      value: 10.9
      objectReference: {fileID: 0}
    - target: {fileID: 4358593073685992, guid: f9e07367451f693449b08717e08d985a, type: 2}
      propertyPath: m_LocalPosition.z
      value: -55.4
      objectReference: {fileID: 0}
    - target: {fileID: 4358593073685992, guid: f9e07367451f693449b08717e08d985a, type: 2}
      propertyPath: m_LocalRotation.x
      value: 0.00000006315529
      objectReference: {fileID: 0}
    - target: {fileID: 4358593073685992, guid: f9e07367451f693449b08717e08d985a, type: 2}
      propertyPath: m_LocalRotation.y
      value: -0
      objectReference: {fileID: 0}
    - target: {fileID: 4358593073685992, guid: f9e07367451f693449b08717e08d985a, type: 2}
      propertyPath: m_LocalRotation.z
      value: 0.45880935
      objectReference: {fileID: 0}
    - target: {fileID: 4358593073685992, guid: f9e07367451f693449b08717e08d985a, type: 2}
      propertyPath: m_LocalRotation.w
      value: 0.8885347
      objectReference: {fileID: 0}
    - target: {fileID: 4358593073685992, guid: f9e07367451f693449b08717e08d985a, type: 2}
      propertyPath: m_RootOrder
      value: 4
      objectReference: {fileID: 0}
    - target: {fileID: 4358593073685992, guid: f9e07367451f693449b08717e08d985a, type: 2}
      propertyPath: m_LocalScale.x
      value: 100
      objectReference: {fileID: 0}
    - target: {fileID: 4358593073685992, guid: f9e07367451f693449b08717e08d985a, type: 2}
      propertyPath: m_LocalScale.y
      value: 100
      objectReference: {fileID: 0}
    - target: {fileID: 4358593073685992, guid: f9e07367451f693449b08717e08d985a, type: 2}
      propertyPath: m_LocalScale.z
      value: 100
      objectReference: {fileID: 0}
    - target: {fileID: 4358593073685992, guid: f9e07367451f693449b08717e08d985a, type: 2}
      propertyPath: m_LocalEulerAnglesHint.z
      value: 54.621002
      objectReference: {fileID: 0}
    - target: {fileID: 1028219271161876, guid: f9e07367451f693449b08717e08d985a, type: 2}
      propertyPath: m_IsActive
      value: 0
      objectReference: {fileID: 0}
    m_RemovedComponents: []
  m_ParentPrefab: {fileID: 100100000, guid: f9e07367451f693449b08717e08d985a, type: 2}
  m_IsPrefabParent: 0
--- !u!1001 &1431501750
Prefab:
  m_ObjectHideFlags: 0
  serializedVersion: 2
  m_Modification:
    m_TransformParent: {fileID: 719276801}
    m_Modifications:
    - target: {fileID: 4751963584602704, guid: 96bf3337b8fd9054c9c300bf250846e2, type: 2}
      propertyPath: m_LocalPosition.x
      value: 3
      objectReference: {fileID: 0}
    - target: {fileID: 4751963584602704, guid: 96bf3337b8fd9054c9c300bf250846e2, type: 2}
      propertyPath: m_LocalPosition.y
      value: 0
      objectReference: {fileID: 0}
    - target: {fileID: 4751963584602704, guid: 96bf3337b8fd9054c9c300bf250846e2, type: 2}
      propertyPath: m_LocalPosition.z
      value: -687
      objectReference: {fileID: 0}
    - target: {fileID: 4751963584602704, guid: 96bf3337b8fd9054c9c300bf250846e2, type: 2}
      propertyPath: m_LocalRotation.x
      value: -0
      objectReference: {fileID: 0}
    - target: {fileID: 4751963584602704, guid: 96bf3337b8fd9054c9c300bf250846e2, type: 2}
      propertyPath: m_LocalRotation.y
      value: -0
      objectReference: {fileID: 0}
    - target: {fileID: 4751963584602704, guid: 96bf3337b8fd9054c9c300bf250846e2, type: 2}
      propertyPath: m_LocalRotation.z
      value: -0
      objectReference: {fileID: 0}
    - target: {fileID: 4751963584602704, guid: 96bf3337b8fd9054c9c300bf250846e2, type: 2}
      propertyPath: m_LocalRotation.w
      value: 1
      objectReference: {fileID: 0}
    - target: {fileID: 4751963584602704, guid: 96bf3337b8fd9054c9c300bf250846e2, type: 2}
      propertyPath: m_RootOrder
      value: 0
      objectReference: {fileID: 0}
    - target: {fileID: 114602543624507210, guid: 96bf3337b8fd9054c9c300bf250846e2,
        type: 2}
      propertyPath: story
      value: 
      objectReference: {fileID: 1431501754}
    m_RemovedComponents:
    - {fileID: 114871893772237618, guid: 96bf3337b8fd9054c9c300bf250846e2, type: 2}
  m_ParentPrefab: {fileID: 100100000, guid: 96bf3337b8fd9054c9c300bf250846e2, type: 2}
  m_IsPrefabParent: 0
--- !u!4 &1431501751 stripped
Transform:
  m_PrefabParentObject: {fileID: 4888840748321234, guid: 96bf3337b8fd9054c9c300bf250846e2,
    type: 2}
  m_PrefabInternal: {fileID: 1431501750}
--- !u!4 &1431501752 stripped
Transform:
  m_PrefabParentObject: {fileID: 4410376796750376, guid: 96bf3337b8fd9054c9c300bf250846e2,
    type: 2}
  m_PrefabInternal: {fileID: 1431501750}
--- !u!1 &1431501753 stripped
GameObject:
  m_PrefabParentObject: {fileID: 1011179431457580, guid: 96bf3337b8fd9054c9c300bf250846e2,
    type: 2}
  m_PrefabInternal: {fileID: 1431501750}
--- !u!114 &1431501754
MonoBehaviour:
  m_ObjectHideFlags: 0
  m_PrefabParentObject: {fileID: 0}
  m_PrefabInternal: {fileID: 0}
  m_GameObject: {fileID: 1431501753}
  m_Enabled: 1
  m_EditorHideFlags: 0
  m_Script: {fileID: 11500000, guid: d28556c8a58fd734abba64ab38dbb1f0, type: 3}
  m_Name: 
  m_EditorClassIdentifier: 
  textRevealDelay: 4
  delayBetweenBubbles: 5
  tutorialScaleTime: 0.5
  tutorialDelayTime: 2
  storySong: {fileID: 8300000, guid: 62ef5d52ab06a10499132dbdb9c41a5e, type: 3}
  CharactersParent: {fileID: 1431501752}
  DialogueParent: {fileID: 1431501751}
  Settings: {fileID: 11400000, guid: 4d38034cc4416af43b81514510dc9adc, type: 2}
  tutorialWindow: {fileID: 0}
  Tooltips: []
  TimeInStory: 0
  otherCharacterLeaveDelay: 1.5
--- !u!4 &1431501755 stripped
Transform:
  m_PrefabParentObject: {fileID: 4751963584602704, guid: 96bf3337b8fd9054c9c300bf250846e2,
    type: 2}
  m_PrefabInternal: {fileID: 1431501750}
--- !u!1001 &1849693760
Prefab:
  m_ObjectHideFlags: 0
  serializedVersion: 2
  m_Modification:
    m_TransformParent: {fileID: 1431501752}
    m_Modifications:
    - target: {fileID: 4607758420051582, guid: 650218d7f3835294d8964ae383c89105, type: 2}
      propertyPath: m_LocalPosition.x
      value: -937
      objectReference: {fileID: 0}
    - target: {fileID: 4607758420051582, guid: 650218d7f3835294d8964ae383c89105, type: 2}
      propertyPath: m_LocalPosition.y
      value: -296.99994
      objectReference: {fileID: 0}
    - target: {fileID: 4607758420051582, guid: 650218d7f3835294d8964ae383c89105, type: 2}
      propertyPath: m_LocalPosition.z
      value: -595.0012
      objectReference: {fileID: 0}
    - target: {fileID: 4607758420051582, guid: 650218d7f3835294d8964ae383c89105, type: 2}
      propertyPath: m_LocalRotation.x
      value: -0.00768742
      objectReference: {fileID: 0}
    - target: {fileID: 4607758420051582, guid: 650218d7f3835294d8964ae383c89105, type: 2}
      propertyPath: m_LocalRotation.y
      value: -0.8848061
      objectReference: {fileID: 0}
    - target: {fileID: 4607758420051582, guid: 650218d7f3835294d8964ae383c89105, type: 2}
      propertyPath: m_LocalRotation.z
      value: 0.020270128
      objectReference: {fileID: 0}
    - target: {fileID: 4607758420051582, guid: 650218d7f3835294d8964ae383c89105, type: 2}
      propertyPath: m_LocalRotation.w
      value: -0.46545485
      objectReference: {fileID: 0}
    - target: {fileID: 4607758420051582, guid: 650218d7f3835294d8964ae383c89105, type: 2}
      propertyPath: m_RootOrder
      value: 0
      objectReference: {fileID: 0}
    - target: {fileID: 4607758420051582, guid: 650218d7f3835294d8964ae383c89105, type: 2}
      propertyPath: m_LocalEulerAnglesHint.x
      value: 2.466
      objectReference: {fileID: 0}
    - target: {fileID: 4607758420051582, guid: 650218d7f3835294d8964ae383c89105, type: 2}
      propertyPath: m_LocalEulerAnglesHint.y
      value: -235.5
      objectReference: {fileID: 0}
    - target: {fileID: 4607758420051582, guid: 650218d7f3835294d8964ae383c89105, type: 2}
      propertyPath: m_LocalEulerAnglesHint.z
      value: -0.30200002
      objectReference: {fileID: 0}
    - target: {fileID: 4607758420051582, guid: 650218d7f3835294d8964ae383c89105, type: 2}
      propertyPath: m_LocalScale.x
      value: 160.0009
      objectReference: {fileID: 0}
    - target: {fileID: 4607758420051582, guid: 650218d7f3835294d8964ae383c89105, type: 2}
      propertyPath: m_LocalScale.y
      value: 159.9999
      objectReference: {fileID: 0}
    - target: {fileID: 4607758420051582, guid: 650218d7f3835294d8964ae383c89105, type: 2}
      propertyPath: m_LocalScale.z
      value: 160.0007
      objectReference: {fileID: 0}
    m_RemovedComponents: []
  m_ParentPrefab: {fileID: 100100000, guid: 650218d7f3835294d8964ae383c89105, type: 2}
  m_IsPrefabParent: 0
--- !u!4 &1849693761 stripped
Transform:
  m_PrefabParentObject: {fileID: 4195682010885232, guid: 650218d7f3835294d8964ae383c89105,
    type: 2}
  m_PrefabInternal: {fileID: 1849693760}
--- !u!1001 &1981808742
Prefab:
  m_ObjectHideFlags: 0
  serializedVersion: 2
  m_Modification:
    m_TransformParent: {fileID: 1431501751}
    m_Modifications:
    - target: {fileID: 4815928176247728, guid: 05d06cd5c2d327c4392a5526aeafb9ad, type: 2}
      propertyPath: m_LocalPosition.x
      value: 363
      objectReference: {fileID: 0}
    - target: {fileID: 4815928176247728, guid: 05d06cd5c2d327c4392a5526aeafb9ad, type: 2}
      propertyPath: m_LocalPosition.y
      value: 456
      objectReference: {fileID: 0}
    - target: {fileID: 4815928176247728, guid: 05d06cd5c2d327c4392a5526aeafb9ad, type: 2}
      propertyPath: m_LocalPosition.z
      value: 160
      objectReference: {fileID: 0}
    - target: {fileID: 4815928176247728, guid: 05d06cd5c2d327c4392a5526aeafb9ad, type: 2}
      propertyPath: m_LocalRotation.x
      value: 0
      objectReference: {fileID: 0}
    - target: {fileID: 4815928176247728, guid: 05d06cd5c2d327c4392a5526aeafb9ad, type: 2}
      propertyPath: m_LocalRotation.y
      value: 0
      objectReference: {fileID: 0}
    - target: {fileID: 4815928176247728, guid: 05d06cd5c2d327c4392a5526aeafb9ad, type: 2}
      propertyPath: m_LocalRotation.z
      value: 0
      objectReference: {fileID: 0}
    - target: {fileID: 4815928176247728, guid: 05d06cd5c2d327c4392a5526aeafb9ad, type: 2}
      propertyPath: m_LocalRotation.w
      value: 1
      objectReference: {fileID: 0}
    - target: {fileID: 4815928176247728, guid: 05d06cd5c2d327c4392a5526aeafb9ad, type: 2}
      propertyPath: m_RootOrder
      value: 3
      objectReference: {fileID: 0}
    - target: {fileID: 1178767505245362, guid: 05d06cd5c2d327c4392a5526aeafb9ad, type: 2}
      propertyPath: m_Name
      value: Line4
      objectReference: {fileID: 0}
    - target: {fileID: 114165774689457552, guid: 05d06cd5c2d327c4392a5526aeafb9ad,
        type: 2}
      propertyPath: m_text
      value: "No problem, I always find \nthe right person, eventually."
      objectReference: {fileID: 0}
    - target: {fileID: 114165774689457552, guid: 05d06cd5c2d327c4392a5526aeafb9ad,
        type: 2}
      propertyPath: m_havePropertiesChanged
      value: 1
      objectReference: {fileID: 0}
    - target: {fileID: 114165774689457552, guid: 05d06cd5c2d327c4392a5526aeafb9ad,
        type: 2}
      propertyPath: m_isInputParsingRequired
      value: 1
      objectReference: {fileID: 0}
    - target: {fileID: 114165774689457552, guid: 05d06cd5c2d327c4392a5526aeafb9ad,
        type: 2}
      propertyPath: m_textInfo.characterCount
      value: 56
      objectReference: {fileID: 0}
    - target: {fileID: 114165774689457552, guid: 05d06cd5c2d327c4392a5526aeafb9ad,
        type: 2}
      propertyPath: m_textInfo.spaceCount
      value: 9
      objectReference: {fileID: 0}
    - target: {fileID: 114165774689457552, guid: 05d06cd5c2d327c4392a5526aeafb9ad,
        type: 2}
      propertyPath: m_textInfo.wordCount
      value: 9
      objectReference: {fileID: 0}
    - target: {fileID: 114165774689457552, guid: 05d06cd5c2d327c4392a5526aeafb9ad,
        type: 2}
      propertyPath: m_textInfo.lineCount
      value: 2
      objectReference: {fileID: 0}
    - target: {fileID: 114165774689457552, guid: 05d06cd5c2d327c4392a5526aeafb9ad,
        type: 2}
      propertyPath: m_margin.x
      value: 309.60455
      objectReference: {fileID: 0}
    - target: {fileID: 114165774689457552, guid: 05d06cd5c2d327c4392a5526aeafb9ad,
        type: 2}
      propertyPath: m_margin.y
      value: 288.0293
      objectReference: {fileID: 0}
    - target: {fileID: 114165774689457552, guid: 05d06cd5c2d327c4392a5526aeafb9ad,
        type: 2}
      propertyPath: m_firstOverflowCharacterIndex
      value: -1
      objectReference: {fileID: 0}
    - target: {fileID: 137551165172566186, guid: 05d06cd5c2d327c4392a5526aeafb9ad,
        type: 2}
      propertyPath: m_BlendShapeWeights.Array.data[1]
      value: 5
      objectReference: {fileID: 0}
    - target: {fileID: 137551165172566186, guid: 05d06cd5c2d327c4392a5526aeafb9ad,
        type: 2}
      propertyPath: m_BlendShapeWeights.Array.data[0]
      value: 55.4
      objectReference: {fileID: 0}
    - target: {fileID: 1178767505245362, guid: 05d06cd5c2d327c4392a5526aeafb9ad, type: 2}
      propertyPath: m_IsActive
      value: 0
      objectReference: {fileID: 0}
    - target: {fileID: 114165774689457552, guid: 05d06cd5c2d327c4392a5526aeafb9ad,
        type: 2}
      propertyPath: m_margin.w
      value: -42.874275
      objectReference: {fileID: 0}
    - target: {fileID: 224270456459575770, guid: 05d06cd5c2d327c4392a5526aeafb9ad,
        type: 2}
      propertyPath: m_AnchoredPosition.y
      value: 530
      objectReference: {fileID: 0}
    - target: {fileID: 224270456459575770, guid: 05d06cd5c2d327c4392a5526aeafb9ad,
        type: 2}
      propertyPath: m_AnchoredPosition.x
      value: -1388
      objectReference: {fileID: 0}
    - target: {fileID: 224928305892258808, guid: 05d06cd5c2d327c4392a5526aeafb9ad,
        type: 2}
      propertyPath: m_AnchoredPosition.y
      value: 19.1
      objectReference: {fileID: 0}
    - target: {fileID: 224928305892258808, guid: 05d06cd5c2d327c4392a5526aeafb9ad,
        type: 2}
      propertyPath: m_AnchoredPosition.x
      value: 75.4
      objectReference: {fileID: 0}
    - target: {fileID: 114165774689457552, guid: 05d06cd5c2d327c4392a5526aeafb9ad,
        type: 2}
      propertyPath: m_fontAsset
      value: 
      objectReference: {fileID: 11400000, guid: 8772467c8cd2f30428632f15bb20bc13,
        type: 2}
    - target: {fileID: 114165774689457552, guid: 05d06cd5c2d327c4392a5526aeafb9ad,
        type: 2}
      propertyPath: m_sharedMaterial
      value: 
      objectReference: {fileID: 21972353648010978, guid: 8772467c8cd2f30428632f15bb20bc13,
        type: 2}
    - target: {fileID: 114165774689457552, guid: 05d06cd5c2d327c4392a5526aeafb9ad,
        type: 2}
      propertyPath: m_fontColor.r
      value: 1
      objectReference: {fileID: 0}
    - target: {fileID: 114165774689457552, guid: 05d06cd5c2d327c4392a5526aeafb9ad,
        type: 2}
      propertyPath: m_fontColor.g
      value: 1
      objectReference: {fileID: 0}
    - target: {fileID: 114165774689457552, guid: 05d06cd5c2d327c4392a5526aeafb9ad,
        type: 2}
      propertyPath: m_fontColor.b
      value: 1
      objectReference: {fileID: 0}
    - target: {fileID: 114165774689457552, guid: 05d06cd5c2d327c4392a5526aeafb9ad,
        type: 2}
      propertyPath: m_fontColor32.rgba
      value: 4294967295
      objectReference: {fileID: 0}
    m_RemovedComponents: []
  m_ParentPrefab: {fileID: 100100000, guid: 05d06cd5c2d327c4392a5526aeafb9ad, type: 2}
  m_IsPrefabParent: 0
--- !u!1001 &2042154921
Prefab:
  m_ObjectHideFlags: 0
  serializedVersion: 2
  m_Modification:
    m_TransformParent: {fileID: 1431501752}
    m_Modifications:
    - target: {fileID: 4041332282535984, guid: f351267e7dc001349aad9204db742d1d, type: 2}
      propertyPath: m_LocalPosition.x
      value: 52
      objectReference: {fileID: 0}
    - target: {fileID: 4041332282535984, guid: f351267e7dc001349aad9204db742d1d, type: 2}
      propertyPath: m_LocalPosition.y
      value: -296.99994
      objectReference: {fileID: 0}
    - target: {fileID: 4041332282535984, guid: f351267e7dc001349aad9204db742d1d, type: 2}
      propertyPath: m_LocalPosition.z
      value: -595.0012
      objectReference: {fileID: 0}
    - target: {fileID: 4041332282535984, guid: f351267e7dc001349aad9204db742d1d, type: 2}
      propertyPath: m_LocalRotation.x
      value: 0.011677998
      objectReference: {fileID: 0}
    - target: {fileID: 4041332282535984, guid: f351267e7dc001349aad9204db742d1d, type: 2}
      propertyPath: m_LocalRotation.y
      value: -0.90146357
      objectReference: {fileID: 0}
    - target: {fileID: 4041332282535984, guid: f351267e7dc001349aad9204db742d1d, type: 2}
      propertyPath: m_LocalRotation.z
      value: 0.018266156
      objectReference: {fileID: 0}
    - target: {fileID: 4041332282535984, guid: f351267e7dc001349aad9204db742d1d, type: 2}
      propertyPath: m_LocalRotation.w
      value: 0.43231186
      objectReference: {fileID: 0}
    - target: {fileID: 4041332282535984, guid: f351267e7dc001349aad9204db742d1d, type: 2}
      propertyPath: m_RootOrder
      value: 1
      objectReference: {fileID: 0}
    - target: {fileID: 4041332282535984, guid: f351267e7dc001349aad9204db742d1d, type: 2}
      propertyPath: m_LocalEulerAnglesHint.y
      value: 0
      objectReference: {fileID: 0}
    - target: {fileID: 4041332282535984, guid: f351267e7dc001349aad9204db742d1d, type: 2}
      propertyPath: m_LocalEulerAnglesHint.x
      value: 0
      objectReference: {fileID: 0}
    - target: {fileID: 4041332282535984, guid: f351267e7dc001349aad9204db742d1d, type: 2}
      propertyPath: m_LocalEulerAnglesHint.z
      value: 0
      objectReference: {fileID: 0}
    - target: {fileID: 4041332282535984, guid: f351267e7dc001349aad9204db742d1d, type: 2}
      propertyPath: m_LocalScale.x
      value: 160.00089
      objectReference: {fileID: 0}
    - target: {fileID: 4041332282535984, guid: f351267e7dc001349aad9204db742d1d, type: 2}
      propertyPath: m_LocalScale.y
      value: 159.99991
      objectReference: {fileID: 0}
    - target: {fileID: 4041332282535984, guid: f351267e7dc001349aad9204db742d1d, type: 2}
      propertyPath: m_LocalScale.z
      value: 160.00072
      objectReference: {fileID: 0}
    - target: {fileID: 1467586167803990, guid: f351267e7dc001349aad9204db742d1d, type: 2}
      propertyPath: m_IsActive
      value: 0
      objectReference: {fileID: 0}
    m_RemovedComponents: []
  m_ParentPrefab: {fileID: 100100000, guid: f351267e7dc001349aad9204db742d1d, type: 2}
  m_IsPrefabParent: 0
