%YAML 1.1
%TAG !u! tag:unity3d.com,2011:
--- !u!29 &1
OcclusionCullingSettings:
  m_ObjectHideFlags: 0
  serializedVersion: 2
  m_OcclusionBakeSettings:
    smallestOccluder: 5
    smallestHole: 0.25
    backfaceThreshold: 100
  m_SceneGUID: 00000000000000000000000000000000
  m_OcclusionCullingData: {fileID: 0}
--- !u!104 &2
RenderSettings:
  m_ObjectHideFlags: 0
  serializedVersion: 8
  m_Fog: 0
  m_FogColor: {r: 0.5, g: 0.5, b: 0.5, a: 1}
  m_FogMode: 3
  m_FogDensity: 0.01
  m_LinearFogStart: 0
  m_LinearFogEnd: 300
  m_AmbientSkyColor: {r: 0.7, g: 0.7, b: 0.7, a: 1}
  m_AmbientEquatorColor: {r: 0.114, g: 0.125, b: 0.133, a: 1}
  m_AmbientGroundColor: {r: 0.047, g: 0.043, b: 0.035, a: 1}
  m_AmbientIntensity: 1
  m_AmbientMode: 3
  m_SubtractiveShadowColor: {r: 0.42, g: 0.478, b: 0.627, a: 1}
  m_SkyboxMaterial: {fileID: 0}
  m_HaloStrength: 0.5
  m_FlareStrength: 1
  m_FlareFadeSpeed: 3
  m_HaloTexture: {fileID: 0}
  m_SpotCookie: {fileID: 10001, guid: 0000000000000000e000000000000000, type: 0}
  m_DefaultReflectionMode: 0
  m_DefaultReflectionResolution: 128
  m_ReflectionBounces: 1
  m_ReflectionIntensity: 1
  m_CustomReflection: {fileID: 0}
  m_Sun: {fileID: 0}
  m_IndirectSpecularColor: {r: 0, g: 0, b: 0, a: 1}
--- !u!157 &3
LightmapSettings:
  m_ObjectHideFlags: 0
  serializedVersion: 11
  m_GIWorkflowMode: 0
  m_GISettings:
    serializedVersion: 2
    m_BounceScale: 1
    m_IndirectOutputScale: 1
    m_AlbedoBoost: 1
    m_TemporalCoherenceThreshold: 1
    m_EnvironmentLightingMode: 0
    m_EnableBakedLightmaps: 0
    m_EnableRealtimeLightmaps: 0
  m_LightmapEditorSettings:
    serializedVersion: 9
    m_Resolution: 2
    m_BakeResolution: 40
    m_TextureWidth: 1024
    m_TextureHeight: 1024
    m_AO: 0
    m_AOMaxDistance: 1
    m_CompAOExponent: 1
    m_CompAOExponentDirect: 0
    m_Padding: 2
    m_LightmapParameters: {fileID: 0}
    m_LightmapsBakeMode: 1
    m_TextureCompression: 1
    m_FinalGather: 0
    m_FinalGatherFiltering: 1
    m_FinalGatherRayCount: 256
    m_ReflectionCompression: 2
    m_MixedBakeMode: 2
    m_BakeBackend: 1
    m_PVRSampling: 1
    m_PVRDirectSampleCount: 32
    m_PVRSampleCount: 500
    m_PVRBounces: 2
    m_PVRFilterTypeDirect: 0
    m_PVRFilterTypeIndirect: 0
    m_PVRFilterTypeAO: 0
    m_PVRFilteringMode: 1
    m_PVRCulling: 1
    m_PVRFilteringGaussRadiusDirect: 1
    m_PVRFilteringGaussRadiusIndirect: 5
    m_PVRFilteringGaussRadiusAO: 2
    m_PVRFilteringAtrousPositionSigmaDirect: 0.5
    m_PVRFilteringAtrousPositionSigmaIndirect: 2
    m_PVRFilteringAtrousPositionSigmaAO: 1
    m_ShowResolutionOverlay: 1
  m_LightingDataAsset: {fileID: 112000006, guid: c0f8c2092bfce414591a2b304f9d9729,
    type: 2}
  m_UseShadowmask: 1
--- !u!196 &4
NavMeshSettings:
  serializedVersion: 2
  m_ObjectHideFlags: 0
  m_BuildSettings:
    serializedVersion: 2
    agentTypeID: 0
    agentRadius: 0.5
    agentHeight: 2
    agentSlope: 45
    agentClimb: 0.4
    ledgeDropHeight: 0
    maxJumpAcrossDistance: 0
    minRegionArea: 2
    manualCellSize: 0
    cellSize: 0.16666667
    manualTileSize: 0
    tileSize: 256
    accuratePlacement: 0
    debug:
      m_Flags: 0
  m_NavMeshData: {fileID: 0}
--- !u!1 &15753668
GameObject:
  m_ObjectHideFlags: 0
  m_PrefabParentObject: {fileID: 0}
  m_PrefabInternal: {fileID: 0}
  serializedVersion: 5
  m_Component:
  - component: {fileID: 15753670}
  - component: {fileID: 15753669}
  m_Layer: 9
  m_Name: '[GAME LEVEL]'
  m_TagString: Untagged
  m_Icon: {fileID: 0}
  m_NavMeshLayer: 0
  m_StaticEditorFlags: 4294967295
  m_IsActive: 1
--- !u!114 &15753669
MonoBehaviour:
  m_ObjectHideFlags: 0
  m_PrefabParentObject: {fileID: 0}
  m_PrefabInternal: {fileID: 0}
  m_GameObject: {fileID: 15753668}
  m_Enabled: 1
  m_EditorHideFlags: 0
  m_Script: {fileID: 11500000, guid: 10ce6d91a1a166c43a046652655f0e8d, type: 3}
  m_Name: 
  m_EditorClassIdentifier: 
  Settings: {fileID: 11400000, guid: 4d38034cc4416af43b81514510dc9adc, type: 2}
  GridSizeX: 14
  GridSizeY: 6
  PolarCapsDegrees: 50
  GridRadius: 200
  PlanetRadius: 110
  TileSize: 1
  HasCollectionObjective: 1
  HasScoreObjective: 0
  UFOSpawnMoveCountIntervals: 
  FailMoverCounter: 0
  ScoreBonusMoveCounterOffset: 0
  NullObsticlePrefabs:
  - {fileID: 1955298356391552, guid: 418b6157d4bc6654c9d984174ce8b556, type: 2}
  - {fileID: 1748846993662674, guid: aa578b0dd8bc5b547ac3f22cae33b9dc, type: 2}
  - {fileID: 1227516688969650, guid: 34e0ab8e8f162594caf13a431bb22147, type: 2}
  ReverseGravity: 0
  NoMidRow: 0
  Score3Stars: 55000
  Score2Stars: 35000
  BombForSquareMatches: 16
  BombForMatch4: 6
  BombForMatch5: 8
  BombForP: 7
  BombForL: 11
  BombForT: 15
  BombForPizza: 14
  BoardMeshOverride:
    HideAllMesh: 0
    ShowGridFace: 2
    ShowGridBorder: 0
    ShowGridLines: 0
    BoardMatFaces: {fileID: 2100000, guid: af99d40793b47304d96fe9e4b946c903, type: 2}
    BoardMatBorder: {fileID: 0}
    GridBorderWidth: 0
    GridLineWidth: 0
    FaceCoversNullTilesInstead: 1
    RadiusOffset: 0
    MeshDivisionsPerTile: 0
  MeshOverrideFields: 0001000001000000010000
  TileProbability:
  - 50
  - 0
  - 50
  - 50
  - 0
  - 0
  - 0
  - 0
  - 0
  - 0
  - 0
  - 0
  - 0
  - 0
  - 0
  - 0
  - 0
  - 0
  - 0
  - 0
  - 0
  - 0
  - 0
  - 0
  - 0
  - 0
  - 0
  - 50
  - 50
  - 0
  NullTileGrid:
    Grid: 000000000000000000000000000001000000010000000100000001000000000000000000000000000000000000000000000000000000000000000100000001000000010000000000000000000000000000000000
    GridWidth: 14
    GridHeight: 6
    CellWidth: 1
    CellHeight: 1
    OffSetX: 0
    OffSetY: 0
    W: 14
    H: 6
  TempNullTileGrid:
    Grid: 
    GridWidth: 0
    GridHeight: 0
    CellWidth: 1
    CellHeight: 1
    OffSetX: 0
    OffSetY: 0
    W: 0
    H: 0
  HazardLayers: []
  CurrentSelectionSoundID: 0
  HintTimer: 0
--- !u!4 &15753670
Transform:
  m_ObjectHideFlags: 0
  m_PrefabParentObject: {fileID: 0}
  m_PrefabInternal: {fileID: 0}
  m_GameObject: {fileID: 15753668}
  m_LocalRotation: {x: -0, y: -0, z: -0, w: 1}
  m_LocalPosition: {x: 0, y: 0, z: 0}
  m_LocalScale: {x: 1, y: 1, z: 1}
  m_Children:
  - {fileID: 1478619776}
  - {fileID: 2015359237}
  - {fileID: 1019813792}
  - {fileID: 1306536350}
  - {fileID: 1384563864}
  - {fileID: 1185316564}
  m_Father: {fileID: 884416523}
  m_RootOrder: 2
  m_LocalEulerAnglesHint: {x: 0, y: 0, z: 0}
--- !u!1001 &458694660
Prefab:
  m_ObjectHideFlags: 0
  serializedVersion: 2
  m_Modification:
    m_TransformParent: {fileID: 884416523}
    m_Modifications:
    - target: {fileID: 4103864306600654, guid: 73e692d57dc38bc419fe0959d813ffee, type: 2}
      propertyPath: m_LocalPosition.x
      value: 0
      objectReference: {fileID: 0}
    - target: {fileID: 4103864306600654, guid: 73e692d57dc38bc419fe0959d813ffee, type: 2}
      propertyPath: m_LocalPosition.y
      value: 0
      objectReference: {fileID: 0}
    - target: {fileID: 4103864306600654, guid: 73e692d57dc38bc419fe0959d813ffee, type: 2}
      propertyPath: m_LocalPosition.z
      value: 0
      objectReference: {fileID: 0}
    - target: {fileID: 4103864306600654, guid: 73e692d57dc38bc419fe0959d813ffee, type: 2}
      propertyPath: m_LocalRotation.x
      value: -0
      objectReference: {fileID: 0}
    - target: {fileID: 4103864306600654, guid: 73e692d57dc38bc419fe0959d813ffee, type: 2}
      propertyPath: m_LocalRotation.y
      value: -0
      objectReference: {fileID: 0}
    - target: {fileID: 4103864306600654, guid: 73e692d57dc38bc419fe0959d813ffee, type: 2}
      propertyPath: m_LocalRotation.z
      value: -0
      objectReference: {fileID: 0}
    - target: {fileID: 4103864306600654, guid: 73e692d57dc38bc419fe0959d813ffee, type: 2}
      propertyPath: m_LocalRotation.w
      value: 1
      objectReference: {fileID: 0}
    - target: {fileID: 4103864306600654, guid: 73e692d57dc38bc419fe0959d813ffee, type: 2}
      propertyPath: m_RootOrder
      value: 0
      objectReference: {fileID: 0}
    - target: {fileID: 114027121551621120, guid: 73e692d57dc38bc419fe0959d813ffee,
        type: 2}
      propertyPath: CharactersParent
      value: 
      objectReference: {fileID: 0}
    - target: {fileID: 114027121551621120, guid: 73e692d57dc38bc419fe0959d813ffee,
        type: 2}
      propertyPath: DialogueParent
      value: 
      objectReference: {fileID: 0}
    - target: {fileID: 114720809510922548, guid: 73e692d57dc38bc419fe0959d813ffee,
        type: 2}
      propertyPath: m_havePropertiesChanged
      value: 1
      objectReference: {fileID: 0}
    - target: {fileID: 114720809510922548, guid: 73e692d57dc38bc419fe0959d813ffee,
        type: 2}
      propertyPath: m_isInputParsingRequired
      value: 1
      objectReference: {fileID: 0}
    - target: {fileID: 4116352808377130, guid: 73e692d57dc38bc419fe0959d813ffee, type: 2}
      propertyPath: m_LocalPosition.z
      value: -688
      objectReference: {fileID: 0}
    m_RemovedComponents: []
  m_ParentPrefab: {fileID: 100100000, guid: 73e692d57dc38bc419fe0959d813ffee, type: 2}
  m_IsPrefabParent: 0
--- !u!4 &458694661 stripped
Transform:
  m_PrefabParentObject: {fileID: 4103864306600654, guid: 73e692d57dc38bc419fe0959d813ffee,
    type: 2}
  m_PrefabInternal: {fileID: 458694660}
--- !u!1 &884416522
GameObject:
  m_ObjectHideFlags: 0
  m_PrefabParentObject: {fileID: 0}
  m_PrefabInternal: {fileID: 0}
  serializedVersion: 5
  m_Component:
  - component: {fileID: 884416523}
  - component: {fileID: 884416524}
  m_Layer: 0
  m_Name: SceneRoot
  m_TagString: Untagged
  m_Icon: {fileID: 0}
  m_NavMeshLayer: 0
  m_StaticEditorFlags: 0
  m_IsActive: 1
--- !u!4 &884416523
Transform:
  m_ObjectHideFlags: 0
  m_PrefabParentObject: {fileID: 0}
  m_PrefabInternal: {fileID: 0}
  m_GameObject: {fileID: 884416522}
  m_LocalRotation: {x: 0, y: 0, z: 0, w: 1}
  m_LocalPosition: {x: 0, y: 0, z: 0}
  m_LocalScale: {x: 1, y: 1, z: 1}
  m_Children:
  - {fileID: 458694661}
  - {fileID: 1165828623}
  - {fileID: 15753670}
  m_Father: {fileID: 0}
  m_RootOrder: 0
  m_LocalEulerAnglesHint: {x: 0, y: 0, z: 0}
--- !u!114 &884416524
MonoBehaviour:
  m_ObjectHideFlags: 0
  m_PrefabParentObject: {fileID: 0}
  m_PrefabInternal: {fileID: 0}
  m_GameObject: {fileID: 884416522}
  m_Enabled: 1
  m_EditorHideFlags: 0
  m_Script: {fileID: 11500000, guid: 7e835f79506e4cd41b639b3475dc9f8c, type: 3}
  m_Name: 
  m_EditorClassIdentifier: 
--- !u!1001 &1019813791
Prefab:
  m_ObjectHideFlags: 0
  serializedVersion: 2
  m_Modification:
    m_TransformParent: {fileID: 15753670}
    m_Modifications:
    - target: {fileID: 4923609956763522, guid: 5377e22021c68ba4e9624ee0dde0f9c4, type: 2}
      propertyPath: m_LocalPosition.x
      value: 0
      objectReference: {fileID: 0}
    - target: {fileID: 4923609956763522, guid: 5377e22021c68ba4e9624ee0dde0f9c4, type: 2}
      propertyPath: m_LocalPosition.y
      value: 0
      objectReference: {fileID: 0}
    - target: {fileID: 4923609956763522, guid: 5377e22021c68ba4e9624ee0dde0f9c4, type: 2}
      propertyPath: m_LocalPosition.z
      value: 0
      objectReference: {fileID: 0}
    - target: {fileID: 4923609956763522, guid: 5377e22021c68ba4e9624ee0dde0f9c4, type: 2}
      propertyPath: m_LocalRotation.x
      value: -0
      objectReference: {fileID: 0}
    - target: {fileID: 4923609956763522, guid: 5377e22021c68ba4e9624ee0dde0f9c4, type: 2}
      propertyPath: m_LocalRotation.y
      value: -0
      objectReference: {fileID: 0}
    - target: {fileID: 4923609956763522, guid: 5377e22021c68ba4e9624ee0dde0f9c4, type: 2}
      propertyPath: m_LocalRotation.z
      value: -0
      objectReference: {fileID: 0}
    - target: {fileID: 4923609956763522, guid: 5377e22021c68ba4e9624ee0dde0f9c4, type: 2}
      propertyPath: m_LocalRotation.w
      value: 1
      objectReference: {fileID: 0}
    - target: {fileID: 4923609956763522, guid: 5377e22021c68ba4e9624ee0dde0f9c4, type: 2}
      propertyPath: m_RootOrder
      value: 2
      objectReference: {fileID: 0}
    - target: {fileID: 1958859030429220, guid: 5377e22021c68ba4e9624ee0dde0f9c4, type: 2}
      propertyPath: m_StaticEditorFlags
      value: 0
      objectReference: {fileID: 0}
    - target: {fileID: 1971937194886822, guid: 5377e22021c68ba4e9624ee0dde0f9c4, type: 2}
      propertyPath: m_StaticEditorFlags
      value: 4294967295
      objectReference: {fileID: 0}
    - target: {fileID: 1171654208934092, guid: 5377e22021c68ba4e9624ee0dde0f9c4, type: 2}
      propertyPath: m_StaticEditorFlags
      value: 4294967295
      objectReference: {fileID: 0}
    - target: {fileID: 1900334890332400, guid: 5377e22021c68ba4e9624ee0dde0f9c4, type: 2}
      propertyPath: m_StaticEditorFlags
      value: 0
      objectReference: {fileID: 0}
    - target: {fileID: 1772097272025264, guid: 5377e22021c68ba4e9624ee0dde0f9c4, type: 2}
      propertyPath: m_StaticEditorFlags
      value: 0
      objectReference: {fileID: 0}
    - target: {fileID: 1918082991461490, guid: 5377e22021c68ba4e9624ee0dde0f9c4, type: 2}
      propertyPath: m_StaticEditorFlags
      value: 0
      objectReference: {fileID: 0}
    - target: {fileID: 1687363741896216, guid: 5377e22021c68ba4e9624ee0dde0f9c4, type: 2}
      propertyPath: m_StaticEditorFlags
      value: 4294967295
      objectReference: {fileID: 0}
    - target: {fileID: 1272183367030692, guid: 5377e22021c68ba4e9624ee0dde0f9c4, type: 2}
      propertyPath: m_StaticEditorFlags
      value: 0
      objectReference: {fileID: 0}
    - target: {fileID: 1623996266975458, guid: 5377e22021c68ba4e9624ee0dde0f9c4, type: 2}
      propertyPath: m_StaticEditorFlags
      value: 0
      objectReference: {fileID: 0}
    - target: {fileID: 1913732546987374, guid: 5377e22021c68ba4e9624ee0dde0f9c4, type: 2}
      propertyPath: m_StaticEditorFlags
      value: 4294967295
      objectReference: {fileID: 0}
    - target: {fileID: 1426226230841024, guid: 5377e22021c68ba4e9624ee0dde0f9c4, type: 2}
      propertyPath: m_StaticEditorFlags
      value: 4294967295
      objectReference: {fileID: 0}
    - target: {fileID: 1826259995541732, guid: 5377e22021c68ba4e9624ee0dde0f9c4, type: 2}
      propertyPath: m_StaticEditorFlags
      value: 0
      objectReference: {fileID: 0}
    - target: {fileID: 1512587488766870, guid: 5377e22021c68ba4e9624ee0dde0f9c4, type: 2}
      propertyPath: m_StaticEditorFlags
      value: 0
      objectReference: {fileID: 0}
    - target: {fileID: 1763138145028216, guid: 5377e22021c68ba4e9624ee0dde0f9c4, type: 2}
      propertyPath: m_StaticEditorFlags
      value: 4294967295
      objectReference: {fileID: 0}
    - target: {fileID: 1778668635340882, guid: 5377e22021c68ba4e9624ee0dde0f9c4, type: 2}
      propertyPath: m_StaticEditorFlags
      value: 4294967295
      objectReference: {fileID: 0}
    - target: {fileID: 1848312251459558, guid: 5377e22021c68ba4e9624ee0dde0f9c4, type: 2}
      propertyPath: m_StaticEditorFlags
      value: 0
      objectReference: {fileID: 0}
    - target: {fileID: 1355696594399272, guid: 5377e22021c68ba4e9624ee0dde0f9c4, type: 2}
      propertyPath: m_StaticEditorFlags
      value: 0
      objectReference: {fileID: 0}
    - target: {fileID: 1723649916470354, guid: 5377e22021c68ba4e9624ee0dde0f9c4, type: 2}
      propertyPath: m_StaticEditorFlags
      value: 4294967295
      objectReference: {fileID: 0}
    - target: {fileID: 1580407121373504, guid: 5377e22021c68ba4e9624ee0dde0f9c4, type: 2}
      propertyPath: m_StaticEditorFlags
      value: 4294967295
      objectReference: {fileID: 0}
    - target: {fileID: 1816054806620418, guid: 5377e22021c68ba4e9624ee0dde0f9c4, type: 2}
      propertyPath: m_StaticEditorFlags
      value: 4294967295
      objectReference: {fileID: 0}
    - target: {fileID: 1439581768862138, guid: 5377e22021c68ba4e9624ee0dde0f9c4, type: 2}
      propertyPath: m_StaticEditorFlags
      value: 4294967295
      objectReference: {fileID: 0}
    - target: {fileID: 1932224839573612, guid: 5377e22021c68ba4e9624ee0dde0f9c4, type: 2}
      propertyPath: m_StaticEditorFlags
      value: 0
      objectReference: {fileID: 0}
    - target: {fileID: 4031783583106686, guid: 5377e22021c68ba4e9624ee0dde0f9c4, type: 2}
      propertyPath: m_LocalPosition.x
      value: 0
      objectReference: {fileID: 0}
    - target: {fileID: 4031783583106686, guid: 5377e22021c68ba4e9624ee0dde0f9c4, type: 2}
      propertyPath: m_LocalPosition.y
      value: 0
      objectReference: {fileID: 0}
    - target: {fileID: 4031783583106686, guid: 5377e22021c68ba4e9624ee0dde0f9c4, type: 2}
      propertyPath: m_LocalPosition.z
      value: 0
      objectReference: {fileID: 0}
    - target: {fileID: 4031783583106686, guid: 5377e22021c68ba4e9624ee0dde0f9c4, type: 2}
      propertyPath: m_LocalScale.x
      value: 1
      objectReference: {fileID: 0}
    - target: {fileID: 4031783583106686, guid: 5377e22021c68ba4e9624ee0dde0f9c4, type: 2}
      propertyPath: m_LocalScale.y
      value: 1
      objectReference: {fileID: 0}
    - target: {fileID: 4031783583106686, guid: 5377e22021c68ba4e9624ee0dde0f9c4, type: 2}
      propertyPath: m_LocalScale.z
      value: 1
      objectReference: {fileID: 0}
    - target: {fileID: 23818254647278768, guid: 5377e22021c68ba4e9624ee0dde0f9c4,
        type: 2}
      propertyPath: m_Materials.Array.data[0]
      value: 
      objectReference: {fileID: 2100000, guid: 954217015cee63b4590967caf10a3541, type: 2}
    - target: {fileID: 23818254647278768, guid: 5377e22021c68ba4e9624ee0dde0f9c4,
        type: 2}
      propertyPath: m_DynamicOccludee
      value: 1
      objectReference: {fileID: 0}
    - target: {fileID: 23818254647278768, guid: 5377e22021c68ba4e9624ee0dde0f9c4,
        type: 2}
      propertyPath: m_Enabled
      value: 1
      objectReference: {fileID: 0}
    - target: {fileID: 1763138145028216, guid: 5377e22021c68ba4e9624ee0dde0f9c4, type: 2}
      propertyPath: m_IsActive
      value: 0
      objectReference: {fileID: 0}
    - target: {fileID: 198077572793000830, guid: 5377e22021c68ba4e9624ee0dde0f9c4,
        type: 2}
      propertyPath: InitialModule.maxNumParticles
      value: 150
      objectReference: {fileID: 0}
    - target: {fileID: 198077572793000830, guid: 5377e22021c68ba4e9624ee0dde0f9c4,
        type: 2}
      propertyPath: randomSeed
      value: 1132760476
      objectReference: {fileID: 0}
    - target: {fileID: 4613627167822122, guid: 5377e22021c68ba4e9624ee0dde0f9c4, type: 2}
      propertyPath: m_LocalPosition.x
      value: 0
      objectReference: {fileID: 0}
    - target: {fileID: 4613627167822122, guid: 5377e22021c68ba4e9624ee0dde0f9c4, type: 2}
      propertyPath: m_LocalPosition.y
      value: 0
      objectReference: {fileID: 0}
    - target: {fileID: 4613627167822122, guid: 5377e22021c68ba4e9624ee0dde0f9c4, type: 2}
      propertyPath: m_LocalPosition.z
      value: 0
      objectReference: {fileID: 0}
    - target: {fileID: 4613627167822122, guid: 5377e22021c68ba4e9624ee0dde0f9c4, type: 2}
      propertyPath: m_LocalScale.x
      value: 1
      objectReference: {fileID: 0}
    - target: {fileID: 4613627167822122, guid: 5377e22021c68ba4e9624ee0dde0f9c4, type: 2}
      propertyPath: m_LocalScale.y
      value: 1
      objectReference: {fileID: 0}
    - target: {fileID: 4613627167822122, guid: 5377e22021c68ba4e9624ee0dde0f9c4, type: 2}
      propertyPath: m_LocalScale.z
      value: 1
      objectReference: {fileID: 0}
    - target: {fileID: 4297861824837172, guid: 5377e22021c68ba4e9624ee0dde0f9c4, type: 2}
      propertyPath: m_LocalPosition.y
      value: 741
      objectReference: {fileID: 0}
    - target: {fileID: 4297861824837172, guid: 5377e22021c68ba4e9624ee0dde0f9c4, type: 2}
      propertyPath: m_LocalScale.x
      value: 100
      objectReference: {fileID: 0}
    - target: {fileID: 4297861824837172, guid: 5377e22021c68ba4e9624ee0dde0f9c4, type: 2}
      propertyPath: m_LocalScale.y
      value: 100
      objectReference: {fileID: 0}
    - target: {fileID: 4297861824837172, guid: 5377e22021c68ba4e9624ee0dde0f9c4, type: 2}
      propertyPath: m_LocalScale.z
      value: 100
      objectReference: {fileID: 0}
    - target: {fileID: 1723649916470354, guid: 5377e22021c68ba4e9624ee0dde0f9c4, type: 2}
      propertyPath: m_IsActive
      value: 1
      objectReference: {fileID: 0}
    m_RemovedComponents: []
  m_ParentPrefab: {fileID: 100100000, guid: 5377e22021c68ba4e9624ee0dde0f9c4, type: 2}
  m_IsPrefabParent: 0
--- !u!4 &1019813792 stripped
Transform:
  m_PrefabParentObject: {fileID: 4923609956763522, guid: 5377e22021c68ba4e9624ee0dde0f9c4,
    type: 2}
  m_PrefabInternal: {fileID: 1019813791}
--- !u!1001 &1165828622
Prefab:
  m_ObjectHideFlags: 0
  serializedVersion: 2
  m_Modification:
    m_TransformParent: {fileID: 884416523}
    m_Modifications:
    - target: {fileID: 114478199000727454, guid: 25eca110086cc7546b549952a7852c7d,
        type: 2}
      propertyPath: desiredTileTypes.Array.size
      value: 1
      objectReference: {fileID: 0}
    - target: {fileID: 114478199000727454, guid: 25eca110086cc7546b549952a7852c7d,
        type: 2}
      propertyPath: desiredTileCounts.Array.size
      value: 1
      objectReference: {fileID: 0}
    - target: {fileID: 114478199000727454, guid: 25eca110086cc7546b549952a7852c7d,
        type: 2}
      propertyPath: desiredTileSprites.Array.size
      value: 1
      objectReference: {fileID: 0}
    - target: {fileID: 4621089826037320, guid: 25eca110086cc7546b549952a7852c7d, type: 2}
      propertyPath: m_LocalPosition.x
      value: 0
      objectReference: {fileID: 0}
    - target: {fileID: 4621089826037320, guid: 25eca110086cc7546b549952a7852c7d, type: 2}
      propertyPath: m_LocalPosition.y
      value: 0
      objectReference: {fileID: 0}
    - target: {fileID: 4621089826037320, guid: 25eca110086cc7546b549952a7852c7d, type: 2}
      propertyPath: m_LocalPosition.z
      value: 0
      objectReference: {fileID: 0}
    - target: {fileID: 4621089826037320, guid: 25eca110086cc7546b549952a7852c7d, type: 2}
      propertyPath: m_LocalRotation.x
      value: -0
      objectReference: {fileID: 0}
    - target: {fileID: 4621089826037320, guid: 25eca110086cc7546b549952a7852c7d, type: 2}
      propertyPath: m_LocalRotation.y
      value: -0
      objectReference: {fileID: 0}
    - target: {fileID: 4621089826037320, guid: 25eca110086cc7546b549952a7852c7d, type: 2}
      propertyPath: m_LocalRotation.z
      value: -0
      objectReference: {fileID: 0}
    - target: {fileID: 4621089826037320, guid: 25eca110086cc7546b549952a7852c7d, type: 2}
      propertyPath: m_LocalRotation.w
      value: 1
      objectReference: {fileID: 0}
    - target: {fileID: 4621089826037320, guid: 25eca110086cc7546b549952a7852c7d, type: 2}
      propertyPath: m_RootOrder
      value: 1
      objectReference: {fileID: 0}
    - target: {fileID: 114827485061710226, guid: 25eca110086cc7546b549952a7852c7d,
        type: 2}
      propertyPath: m_havePropertiesChanged
      value: 0
      objectReference: {fileID: 0}
    - target: {fileID: 114827485061710226, guid: 25eca110086cc7546b549952a7852c7d,
        type: 2}
      propertyPath: m_isInputParsingRequired
      value: 0
      objectReference: {fileID: 0}
    - target: {fileID: 114484834945994610, guid: 25eca110086cc7546b549952a7852c7d,
        type: 2}
      propertyPath: m_havePropertiesChanged
      value: 0
      objectReference: {fileID: 0}
    - target: {fileID: 114484834945994610, guid: 25eca110086cc7546b549952a7852c7d,
        type: 2}
      propertyPath: m_isInputParsingRequired
      value: 0
      objectReference: {fileID: 0}
    - target: {fileID: 114046714040999580, guid: 25eca110086cc7546b549952a7852c7d,
        type: 2}
      propertyPath: m_havePropertiesChanged
      value: 0
      objectReference: {fileID: 0}
    - target: {fileID: 114046714040999580, guid: 25eca110086cc7546b549952a7852c7d,
        type: 2}
      propertyPath: m_isInputParsingRequired
      value: 0
      objectReference: {fileID: 0}
    - target: {fileID: 114670864545895088, guid: 25eca110086cc7546b549952a7852c7d,
        type: 2}
      propertyPath: m_havePropertiesChanged
      value: 0
      objectReference: {fileID: 0}
    - target: {fileID: 114670864545895088, guid: 25eca110086cc7546b549952a7852c7d,
        type: 2}
      propertyPath: m_isInputParsingRequired
      value: 0
      objectReference: {fileID: 0}
    - target: {fileID: 114820776301747140, guid: 25eca110086cc7546b549952a7852c7d,
        type: 2}
      propertyPath: m_havePropertiesChanged
      value: 0
      objectReference: {fileID: 0}
    - target: {fileID: 114820776301747140, guid: 25eca110086cc7546b549952a7852c7d,
        type: 2}
      propertyPath: m_isInputParsingRequired
      value: 0
      objectReference: {fileID: 0}
    - target: {fileID: 114423281803571388, guid: 25eca110086cc7546b549952a7852c7d,
        type: 2}
      propertyPath: m_havePropertiesChanged
      value: 0
      objectReference: {fileID: 0}
    - target: {fileID: 114423281803571388, guid: 25eca110086cc7546b549952a7852c7d,
        type: 2}
      propertyPath: m_isInputParsingRequired
      value: 0
      objectReference: {fileID: 0}
    - target: {fileID: 114886359315605618, guid: 25eca110086cc7546b549952a7852c7d,
        type: 2}
      propertyPath: m_havePropertiesChanged
      value: 0
      objectReference: {fileID: 0}
    - target: {fileID: 114886359315605618, guid: 25eca110086cc7546b549952a7852c7d,
        type: 2}
      propertyPath: m_isInputParsingRequired
      value: 0
      objectReference: {fileID: 0}
    - target: {fileID: 114844336121758074, guid: 25eca110086cc7546b549952a7852c7d,
        type: 2}
      propertyPath: m_havePropertiesChanged
      value: 0
      objectReference: {fileID: 0}
    - target: {fileID: 114844336121758074, guid: 25eca110086cc7546b549952a7852c7d,
        type: 2}
      propertyPath: m_isInputParsingRequired
      value: 0
      objectReference: {fileID: 0}
    - target: {fileID: 114712733212874996, guid: 25eca110086cc7546b549952a7852c7d,
        type: 2}
      propertyPath: m_havePropertiesChanged
      value: 0
      objectReference: {fileID: 0}
    - target: {fileID: 114712733212874996, guid: 25eca110086cc7546b549952a7852c7d,
        type: 2}
      propertyPath: m_isInputParsingRequired
      value: 0
      objectReference: {fileID: 0}
    - target: {fileID: 114544453618928540, guid: 25eca110086cc7546b549952a7852c7d,
        type: 2}
      propertyPath: m_havePropertiesChanged
      value: 0
      objectReference: {fileID: 0}
    - target: {fileID: 114544453618928540, guid: 25eca110086cc7546b549952a7852c7d,
        type: 2}
      propertyPath: m_isInputParsingRequired
      value: 0
      objectReference: {fileID: 0}
    - target: {fileID: 114023630860420914, guid: 25eca110086cc7546b549952a7852c7d,
        type: 2}
      propertyPath: m_havePropertiesChanged
      value: 0
      objectReference: {fileID: 0}
    - target: {fileID: 114023630860420914, guid: 25eca110086cc7546b549952a7852c7d,
        type: 2}
      propertyPath: m_isInputParsingRequired
      value: 0
      objectReference: {fileID: 0}
    - target: {fileID: 224730067460492158, guid: 25eca110086cc7546b549952a7852c7d,
        type: 2}
      propertyPath: m_AnchorMin.y
      value: 0
      objectReference: {fileID: 0}
    - target: {fileID: 224730067460492158, guid: 25eca110086cc7546b549952a7852c7d,
        type: 2}
      propertyPath: m_AnchorMax.y
      value: 0
      objectReference: {fileID: 0}
    - target: {fileID: 224730067460492158, guid: 25eca110086cc7546b549952a7852c7d,
        type: 2}
      propertyPath: m_AnchoredPosition.x
      value: 0
      objectReference: {fileID: 0}
    - target: {fileID: 224730067460492158, guid: 25eca110086cc7546b549952a7852c7d,
        type: 2}
      propertyPath: m_AnchoredPosition.y
      value: 0
      objectReference: {fileID: 0}
    - target: {fileID: 224785350644005294, guid: 25eca110086cc7546b549952a7852c7d,
        type: 2}
      propertyPath: m_AnchorMin.y
      value: 0
      objectReference: {fileID: 0}
    - target: {fileID: 224785350644005294, guid: 25eca110086cc7546b549952a7852c7d,
        type: 2}
      propertyPath: m_AnchorMax.y
      value: 0
      objectReference: {fileID: 0}
    - target: {fileID: 224785350644005294, guid: 25eca110086cc7546b549952a7852c7d,
        type: 2}
      propertyPath: m_AnchoredPosition.x
      value: 0
      objectReference: {fileID: 0}
    - target: {fileID: 224785350644005294, guid: 25eca110086cc7546b549952a7852c7d,
        type: 2}
      propertyPath: m_AnchoredPosition.y
      value: 0
      objectReference: {fileID: 0}
    - target: {fileID: 224374456767575570, guid: 25eca110086cc7546b549952a7852c7d,
        type: 2}
      propertyPath: m_AnchorMin.y
      value: 0
      objectReference: {fileID: 0}
    - target: {fileID: 224374456767575570, guid: 25eca110086cc7546b549952a7852c7d,
        type: 2}
      propertyPath: m_AnchorMax.y
      value: 0
      objectReference: {fileID: 0}
    - target: {fileID: 224374456767575570, guid: 25eca110086cc7546b549952a7852c7d,
        type: 2}
      propertyPath: m_AnchoredPosition.x
      value: 0
      objectReference: {fileID: 0}
    - target: {fileID: 224374456767575570, guid: 25eca110086cc7546b549952a7852c7d,
        type: 2}
      propertyPath: m_AnchoredPosition.y
      value: 0
      objectReference: {fileID: 0}
    - target: {fileID: 224349760099901854, guid: 25eca110086cc7546b549952a7852c7d,
        type: 2}
      propertyPath: m_AnchorMin.y
      value: 0
      objectReference: {fileID: 0}
    - target: {fileID: 224349760099901854, guid: 25eca110086cc7546b549952a7852c7d,
        type: 2}
      propertyPath: m_AnchorMax.y
      value: 0
      objectReference: {fileID: 0}
    - target: {fileID: 224349760099901854, guid: 25eca110086cc7546b549952a7852c7d,
        type: 2}
      propertyPath: m_AnchoredPosition.x
      value: 0
      objectReference: {fileID: 0}
    - target: {fileID: 224349760099901854, guid: 25eca110086cc7546b549952a7852c7d,
        type: 2}
      propertyPath: m_AnchoredPosition.y
      value: 0
      objectReference: {fileID: 0}
    - target: {fileID: 224181582964006034, guid: 25eca110086cc7546b549952a7852c7d,
        type: 2}
      propertyPath: m_AnchorMin.y
      value: 0
      objectReference: {fileID: 0}
    - target: {fileID: 224181582964006034, guid: 25eca110086cc7546b549952a7852c7d,
        type: 2}
      propertyPath: m_AnchorMax.y
      value: 0
      objectReference: {fileID: 0}
    - target: {fileID: 224181582964006034, guid: 25eca110086cc7546b549952a7852c7d,
        type: 2}
      propertyPath: m_AnchoredPosition.x
      value: 0
      objectReference: {fileID: 0}
    - target: {fileID: 224181582964006034, guid: 25eca110086cc7546b549952a7852c7d,
        type: 2}
      propertyPath: m_AnchoredPosition.y
      value: 0
      objectReference: {fileID: 0}
    - target: {fileID: 224504586872969524, guid: 25eca110086cc7546b549952a7852c7d,
        type: 2}
      propertyPath: m_SizeDelta.x
      value: 0
      objectReference: {fileID: 0}
    - target: {fileID: 224504586872969524, guid: 25eca110086cc7546b549952a7852c7d,
        type: 2}
      propertyPath: m_SizeDelta.y
      value: 0
      objectReference: {fileID: 0}
    - target: {fileID: 114478199000727454, guid: 25eca110086cc7546b549952a7852c7d,
        type: 2}
      propertyPath: desiredTileSprites.Array.data[0]
      value: 
      objectReference: {fileID: 21300000, guid: e14617069d1062b49ad343384ad38db9,
        type: 3}
    - target: {fileID: 114478199000727454, guid: 25eca110086cc7546b549952a7852c7d,
        type: 2}
      propertyPath: desiredTileCounts.Array.data[0]
      value: 15
      objectReference: {fileID: 0}
    - target: {fileID: 114478199000727454, guid: 25eca110086cc7546b549952a7852c7d,
        type: 2}
      propertyPath: desiredTileTypes.Array.data[0]
      value: 0
      objectReference: {fileID: 0}
    - target: {fileID: 4401192527841646, guid: 25eca110086cc7546b549952a7852c7d, type: 2}
      propertyPath: m_LocalPosition.z
      value: -800
      objectReference: {fileID: 0}
    - target: {fileID: 224221770244612728, guid: 25eca110086cc7546b549952a7852c7d,
        type: 2}
      propertyPath: m_AnchoredPosition.y
      value: -0.00018310547
      objectReference: {fileID: 0}
    m_RemovedComponents: []
  m_ParentPrefab: {fileID: 100100000, guid: 25eca110086cc7546b549952a7852c7d, type: 2}
  m_IsPrefabParent: 0
--- !u!4 &1165828623 stripped
Transform:
  m_PrefabParentObject: {fileID: 4621089826037320, guid: 25eca110086cc7546b549952a7852c7d,
    type: 2}
  m_PrefabInternal: {fileID: 1165828622}
--- !u!1001 &1185316563
Prefab:
  m_ObjectHideFlags: 0
  serializedVersion: 2
  m_Modification:
    m_TransformParent: {fileID: 15753670}
    m_Modifications:
    - target: {fileID: 4153920629101080, guid: 81e2578a363d14e4ca1a2f2fc34018bb, type: 2}
      propertyPath: m_LocalPosition.x
      value: 0
      objectReference: {fileID: 0}
    - target: {fileID: 4153920629101080, guid: 81e2578a363d14e4ca1a2f2fc34018bb, type: 2}
      propertyPath: m_LocalPosition.y
      value: 0
      objectReference: {fileID: 0}
    - target: {fileID: 4153920629101080, guid: 81e2578a363d14e4ca1a2f2fc34018bb, type: 2}
      propertyPath: m_LocalPosition.z
      value: 0
      objectReference: {fileID: 0}
    - target: {fileID: 4153920629101080, guid: 81e2578a363d14e4ca1a2f2fc34018bb, type: 2}
      propertyPath: m_LocalRotation.x
      value: -0.41675302
      objectReference: {fileID: 0}
    - target: {fileID: 4153920629101080, guid: 81e2578a363d14e4ca1a2f2fc34018bb, type: 2}
      propertyPath: m_LocalRotation.y
      value: 0.34157437
      objectReference: {fileID: 0}
    - target: {fileID: 4153920629101080, guid: 81e2578a363d14e4ca1a2f2fc34018bb, type: 2}
      propertyPath: m_LocalRotation.z
      value: 0.34352067
      objectReference: {fileID: 0}
    - target: {fileID: 4153920629101080, guid: 81e2578a363d14e4ca1a2f2fc34018bb, type: 2}
      propertyPath: m_LocalRotation.w
      value: 0.7691797
      objectReference: {fileID: 0}
    - target: {fileID: 4153920629101080, guid: 81e2578a363d14e4ca1a2f2fc34018bb, type: 2}
      propertyPath: m_RootOrder
      value: 5
      objectReference: {fileID: 0}
    - target: {fileID: 4153920629101080, guid: 81e2578a363d14e4ca1a2f2fc34018bb, type: 2}
      propertyPath: m_LocalEulerAnglesHint.y
      value: 29.698002
      objectReference: {fileID: 0}
    - target: {fileID: 4153920629101080, guid: 81e2578a363d14e4ca1a2f2fc34018bb, type: 2}
      propertyPath: m_LocalEulerAnglesHint.x
      value: -61.139004
      objectReference: {fileID: 0}
    - target: {fileID: 4153920629101080, guid: 81e2578a363d14e4ca1a2f2fc34018bb, type: 2}
      propertyPath: m_LocalEulerAnglesHint.z
      value: 30.331001
      objectReference: {fileID: 0}
    - target: {fileID: 4153920629101080, guid: 81e2578a363d14e4ca1a2f2fc34018bb, type: 2}
      propertyPath: m_LocalScale.x
      value: 7
      objectReference: {fileID: 0}
    - target: {fileID: 4153920629101080, guid: 81e2578a363d14e4ca1a2f2fc34018bb, type: 2}
      propertyPath: m_LocalScale.y
      value: 7
      objectReference: {fileID: 0}
    - target: {fileID: 4153920629101080, guid: 81e2578a363d14e4ca1a2f2fc34018bb, type: 2}
      propertyPath: m_LocalScale.z
      value: 7
      objectReference: {fileID: 0}
    m_RemovedComponents: []
  m_ParentPrefab: {fileID: 100100000, guid: 81e2578a363d14e4ca1a2f2fc34018bb, type: 2}
  m_IsPrefabParent: 0
--- !u!4 &1185316564 stripped
Transform:
  m_PrefabParentObject: {fileID: 4153920629101080, guid: 81e2578a363d14e4ca1a2f2fc34018bb,
    type: 2}
  m_PrefabInternal: {fileID: 1185316563}
--- !u!1001 &1306536349
Prefab:
  m_ObjectHideFlags: 0
  serializedVersion: 2
  m_Modification:
    m_TransformParent: {fileID: 15753670}
    m_Modifications:
    - target: {fileID: 400000, guid: 9928195b6f8df1644aa6f292fb7d7a7f, type: 3}
      propertyPath: m_LocalPosition.x
      value: 0
      objectReference: {fileID: 0}
    - target: {fileID: 400000, guid: 9928195b6f8df1644aa6f292fb7d7a7f, type: 3}
      propertyPath: m_LocalPosition.y
      value: 0
      objectReference: {fileID: 0}
    - target: {fileID: 400000, guid: 9928195b6f8df1644aa6f292fb7d7a7f, type: 3}
      propertyPath: m_LocalPosition.z
      value: 0
      objectReference: {fileID: 0}
    - target: {fileID: 400000, guid: 9928195b6f8df1644aa6f292fb7d7a7f, type: 3}
      propertyPath: m_LocalRotation.x
      value: -0
      objectReference: {fileID: 0}
    - target: {fileID: 400000, guid: 9928195b6f8df1644aa6f292fb7d7a7f, type: 3}
      propertyPath: m_LocalRotation.y
      value: -0
      objectReference: {fileID: 0}
    - target: {fileID: 400000, guid: 9928195b6f8df1644aa6f292fb7d7a7f, type: 3}
      propertyPath: m_LocalRotation.z
      value: -0
      objectReference: {fileID: 0}
    - target: {fileID: 400000, guid: 9928195b6f8df1644aa6f292fb7d7a7f, type: 3}
      propertyPath: m_LocalRotation.w
      value: 1
      objectReference: {fileID: 0}
    - target: {fileID: 400000, guid: 9928195b6f8df1644aa6f292fb7d7a7f, type: 3}
      propertyPath: m_RootOrder
      value: 3
      objectReference: {fileID: 0}
    - target: {fileID: 400000, guid: 9928195b6f8df1644aa6f292fb7d7a7f, type: 3}
      propertyPath: m_LocalScale.x
      value: 15
      objectReference: {fileID: 0}
    - target: {fileID: 400000, guid: 9928195b6f8df1644aa6f292fb7d7a7f, type: 3}
      propertyPath: m_LocalScale.y
      value: 15
      objectReference: {fileID: 0}
    - target: {fileID: 400000, guid: 9928195b6f8df1644aa6f292fb7d7a7f, type: 3}
      propertyPath: m_LocalScale.z
      value: 15
      objectReference: {fileID: 0}
    - target: {fileID: 2300000, guid: 9928195b6f8df1644aa6f292fb7d7a7f, type: 3}
      propertyPath: m_Materials.Array.data[0]
      value: 
      objectReference: {fileID: 2100000, guid: 954217015cee63b4590967caf10a3541, type: 2}
    - target: {fileID: 100000, guid: 9928195b6f8df1644aa6f292fb7d7a7f, type: 3}
      propertyPath: m_IsActive
      value: 1
      objectReference: {fileID: 0}
    - target: {fileID: 100000, guid: 9928195b6f8df1644aa6f292fb7d7a7f, type: 3}
      propertyPath: m_StaticEditorFlags
      value: 4294967295
      objectReference: {fileID: 0}
    m_RemovedComponents: []
  m_ParentPrefab: {fileID: 100100000, guid: 9928195b6f8df1644aa6f292fb7d7a7f, type: 3}
  m_IsPrefabParent: 0
--- !u!4 &1306536350 stripped
Transform:
  m_PrefabParentObject: {fileID: 400000, guid: 9928195b6f8df1644aa6f292fb7d7a7f, type: 3}
  m_PrefabInternal: {fileID: 1306536349}
--- !u!1001 &1384563863
Prefab:
  m_ObjectHideFlags: 0
  serializedVersion: 2
  m_Modification:
    m_TransformParent: {fileID: 15753670}
    m_Modifications:
    - target: {fileID: 4078426588971646, guid: 9e8f504eea9c75f4c855f7bff7ff5903, type: 2}
      propertyPath: m_LocalPosition.x
      value: 79.22613
      objectReference: {fileID: 0}
    - target: {fileID: 4078426588971646, guid: 9e8f504eea9c75f4c855f7bff7ff5903, type: 2}
      propertyPath: m_LocalPosition.y
      value: -7
      objectReference: {fileID: 0}
    - target: {fileID: 4078426588971646, guid: 9e8f504eea9c75f4c855f7bff7ff5903, type: 2}
      propertyPath: m_LocalPosition.z
      value: -1922
      objectReference: {fileID: 0}
    - target: {fileID: 4078426588971646, guid: 9e8f504eea9c75f4c855f7bff7ff5903, type: 2}
      propertyPath: m_LocalRotation.x
      value: -0
      objectReference: {fileID: 0}
    - target: {fileID: 4078426588971646, guid: 9e8f504eea9c75f4c855f7bff7ff5903, type: 2}
      propertyPath: m_LocalRotation.y
      value: -0
      objectReference: {fileID: 0}
    - target: {fileID: 4078426588971646, guid: 9e8f504eea9c75f4c855f7bff7ff5903, type: 2}
      propertyPath: m_LocalRotation.z
      value: -0
      objectReference: {fileID: 0}
    - target: {fileID: 4078426588971646, guid: 9e8f504eea9c75f4c855f7bff7ff5903, type: 2}
      propertyPath: m_LocalRotation.w
      value: 1
      objectReference: {fileID: 0}
    - target: {fileID: 4078426588971646, guid: 9e8f504eea9c75f4c855f7bff7ff5903, type: 2}
      propertyPath: m_RootOrder
      value: 4
      objectReference: {fileID: 0}
    - target: {fileID: 23343680089575064, guid: 9e8f504eea9c75f4c855f7bff7ff5903,
        type: 2}
      propertyPath: m_Materials.Array.data[0]
      value: 
      objectReference: {fileID: 2100000, guid: d73429bac988d6f4cbeb90d87f8f8b56, type: 2}
    - target: {fileID: 4078426588971646, guid: 9e8f504eea9c75f4c855f7bff7ff5903, type: 2}
      propertyPath: m_LocalScale.x
      value: 30
      objectReference: {fileID: 0}
    - target: {fileID: 4078426588971646, guid: 9e8f504eea9c75f4c855f7bff7ff5903, type: 2}
      propertyPath: m_LocalScale.y
      value: 30
      objectReference: {fileID: 0}
    - target: {fileID: 4078426588971646, guid: 9e8f504eea9c75f4c855f7bff7ff5903, type: 2}
      propertyPath: m_LocalScale.z
      value: 30
      objectReference: {fileID: 0}
    - target: {fileID: 1554060726268958, guid: 9e8f504eea9c75f4c855f7bff7ff5903, type: 2}
      propertyPath: m_StaticEditorFlags
      value: 4294967295
      objectReference: {fileID: 0}
    - target: {fileID: 1555041348540034, guid: 9e8f504eea9c75f4c855f7bff7ff5903, type: 2}
      propertyPath: m_StaticEditorFlags
      value: 4294967295
      objectReference: {fileID: 0}
    - target: {fileID: 1152689187702200, guid: 9e8f504eea9c75f4c855f7bff7ff5903, type: 2}
      propertyPath: m_StaticEditorFlags
      value: 4294967295
      objectReference: {fileID: 0}
    m_RemovedComponents: []
  m_ParentPrefab: {fileID: 100100000, guid: 9e8f504eea9c75f4c855f7bff7ff5903, type: 2}
  m_IsPrefabParent: 0
--- !u!4 &1384563864 stripped
Transform:
  m_PrefabParentObject: {fileID: 4078426588971646, guid: 9e8f504eea9c75f4c855f7bff7ff5903,
    type: 2}
  m_PrefabInternal: {fileID: 1384563863}
--- !u!1001 &1478619775
Prefab:
  m_ObjectHideFlags: 0
  serializedVersion: 2
  m_Modification:
    m_TransformParent: {fileID: 15753670}
    m_Modifications:
    - target: {fileID: 4478110229349204, guid: 65a33192499226b498d7a453c241126e, type: 2}
      propertyPath: m_LocalPosition.x
      value: 0
      objectReference: {fileID: 0}
    - target: {fileID: 4478110229349204, guid: 65a33192499226b498d7a453c241126e, type: 2}
      propertyPath: m_LocalPosition.y
      value: 200
      objectReference: {fileID: 0}
    - target: {fileID: 4478110229349204, guid: 65a33192499226b498d7a453c241126e, type: 2}
      propertyPath: m_LocalPosition.z
      value: 0
      objectReference: {fileID: 0}
    - target: {fileID: 4478110229349204, guid: 65a33192499226b498d7a453c241126e, type: 2}
      propertyPath: m_LocalRotation.x
      value: -0
      objectReference: {fileID: 0}
    - target: {fileID: 4478110229349204, guid: 65a33192499226b498d7a453c241126e, type: 2}
      propertyPath: m_LocalRotation.y
      value: -0
      objectReference: {fileID: 0}
    - target: {fileID: 4478110229349204, guid: 65a33192499226b498d7a453c241126e, type: 2}
      propertyPath: m_LocalRotation.z
      value: -0
      objectReference: {fileID: 0}
    - target: {fileID: 4478110229349204, guid: 65a33192499226b498d7a453c241126e, type: 2}
      propertyPath: m_LocalRotation.w
      value: 1
      objectReference: {fileID: 0}
    - target: {fileID: 4478110229349204, guid: 65a33192499226b498d7a453c241126e, type: 2}
      propertyPath: m_RootOrder
      value: 0
      objectReference: {fileID: 0}
    - target: {fileID: 198302521472326968, guid: 65a33192499226b498d7a453c241126e,
        type: 2}
      propertyPath: randomSeed
      value: 950807479
      objectReference: {fileID: 0}
    - target: {fileID: 198291212155507662, guid: 65a33192499226b498d7a453c241126e,
        type: 2}
      propertyPath: randomSeed
      value: 180160054
      objectReference: {fileID: 0}
    m_RemovedComponents: []
  m_ParentPrefab: {fileID: 100100000, guid: 65a33192499226b498d7a453c241126e, type: 2}
  m_IsPrefabParent: 0
--- !u!4 &1478619776 stripped
Transform:
  m_PrefabParentObject: {fileID: 4478110229349204, guid: 65a33192499226b498d7a453c241126e,
    type: 2}
  m_PrefabInternal: {fileID: 1478619775}
--- !u!1001 &2015359236
Prefab:
  m_ObjectHideFlags: 0
  serializedVersion: 2
  m_Modification:
    m_TransformParent: {fileID: 15753670}
    m_Modifications:
    - target: {fileID: 4478110229349204, guid: 65a33192499226b498d7a453c241126e, type: 2}
      propertyPath: m_LocalPosition.x
      value: 0
      objectReference: {fileID: 0}
    - target: {fileID: 4478110229349204, guid: 65a33192499226b498d7a453c241126e, type: 2}
      propertyPath: m_LocalPosition.y
      value: -200
      objectReference: {fileID: 0}
    - target: {fileID: 4478110229349204, guid: 65a33192499226b498d7a453c241126e, type: 2}
      propertyPath: m_LocalPosition.z
      value: 0
      objectReference: {fileID: 0}
    - target: {fileID: 4478110229349204, guid: 65a33192499226b498d7a453c241126e, type: 2}
      propertyPath: m_LocalRotation.x
      value: 1
      objectReference: {fileID: 0}
    - target: {fileID: 4478110229349204, guid: 65a33192499226b498d7a453c241126e, type: 2}
      propertyPath: m_LocalRotation.y
      value: -0
      objectReference: {fileID: 0}
    - target: {fileID: 4478110229349204, guid: 65a33192499226b498d7a453c241126e, type: 2}
      propertyPath: m_LocalRotation.z
      value: -0
      objectReference: {fileID: 0}
    - target: {fileID: 4478110229349204, guid: 65a33192499226b498d7a453c241126e, type: 2}
      propertyPath: m_LocalRotation.w
      value: 0
      objectReference: {fileID: 0}
    - target: {fileID: 4478110229349204, guid: 65a33192499226b498d7a453c241126e, type: 2}
      propertyPath: m_RootOrder
      value: 1
      objectReference: {fileID: 0}
    - target: {fileID: 1553266430994904, guid: 65a33192499226b498d7a453c241126e, type: 2}
      propertyPath: m_Name
      value: Aurora (1)
      objectReference: {fileID: 0}
    m_RemovedComponents: []
  m_ParentPrefab: {fileID: 100100000, guid: 65a33192499226b498d7a453c241126e, type: 2}
  m_IsPrefabParent: 0
--- !u!4 &2015359237 stripped
Transform:
  m_PrefabParentObject: {fileID: 4478110229349204, guid: 65a33192499226b498d7a453c241126e,
    type: 2}
  m_PrefabInternal: {fileID: 2015359236}
