%YAML 1.1
%TAG !u! tag:unity3d.com,2011:
--- !u!29 &1
OcclusionCullingSettings:
  m_ObjectHideFlags: 0
  serializedVersion: 2
  m_OcclusionBakeSettings:
    smallestOccluder: 5
    smallestHole: 0.25
    backfaceThreshold: 100
  m_SceneGUID: 00000000000000000000000000000000
  m_OcclusionCullingData: {fileID: 0}
--- !u!104 &2
RenderSettings:
  m_ObjectHideFlags: 0
  serializedVersion: 8
  m_Fog: 0
  m_FogColor: {r: 0.5, g: 0.5, b: 0.5, a: 1}
  m_FogMode: 3
  m_FogDensity: 0.01
  m_LinearFogStart: 0
  m_LinearFogEnd: 300
  m_AmbientSkyColor: {r: 0.7, g: 0.7, b: 0.7, a: 1}
  m_AmbientEquatorColor: {r: 0.114, g: 0.125, b: 0.133, a: 1}
  m_AmbientGroundColor: {r: 0.047, g: 0.043, b: 0.035, a: 1}
  m_AmbientIntensity: 1
  m_AmbientMode: 3
  m_SubtractiveShadowColor: {r: 0.42, g: 0.478, b: 0.627, a: 1}
  m_SkyboxMaterial: {fileID: 0}
  m_HaloStrength: 0.5
  m_FlareStrength: 1
  m_FlareFadeSpeed: 3
  m_HaloTexture: {fileID: 0}
  m_SpotCookie: {fileID: 10001, guid: 0000000000000000e000000000000000, type: 0}
  m_DefaultReflectionMode: 0
  m_DefaultReflectionResolution: 128
  m_ReflectionBounces: 1
  m_ReflectionIntensity: 1
  m_CustomReflection: {fileID: 0}
  m_Sun: {fileID: 0}
  m_IndirectSpecularColor: {r: 0, g: 0, b: 0, a: 1}
--- !u!157 &3
LightmapSettings:
  m_ObjectHideFlags: 0
  serializedVersion: 11
  m_GIWorkflowMode: 0
  m_GISettings:
    serializedVersion: 2
    m_BounceScale: 1
    m_IndirectOutputScale: 1
    m_AlbedoBoost: 1
    m_TemporalCoherenceThreshold: 1
    m_EnvironmentLightingMode: 0
    m_EnableBakedLightmaps: 0
    m_EnableRealtimeLightmaps: 0
  m_LightmapEditorSettings:
    serializedVersion: 9
    m_Resolution: 2
    m_BakeResolution: 40
    m_TextureWidth: 1024
    m_TextureHeight: 1024
    m_AO: 0
    m_AOMaxDistance: 1
    m_CompAOExponent: 1
    m_CompAOExponentDirect: 0
    m_Padding: 2
    m_LightmapParameters: {fileID: 0}
    m_LightmapsBakeMode: 1
    m_TextureCompression: 1
    m_FinalGather: 0
    m_FinalGatherFiltering: 1
    m_FinalGatherRayCount: 256
    m_ReflectionCompression: 2
    m_MixedBakeMode: 2
    m_BakeBackend: 1
    m_PVRSampling: 1
    m_PVRDirectSampleCount: 32
    m_PVRSampleCount: 500
    m_PVRBounces: 2
    m_PVRFilterTypeDirect: 0
    m_PVRFilterTypeIndirect: 0
    m_PVRFilterTypeAO: 0
    m_PVRFilteringMode: 1
    m_PVRCulling: 1
    m_PVRFilteringGaussRadiusDirect: 1
    m_PVRFilteringGaussRadiusIndirect: 5
    m_PVRFilteringGaussRadiusAO: 2
    m_PVRFilteringAtrousPositionSigmaDirect: 0.5
    m_PVRFilteringAtrousPositionSigmaIndirect: 2
    m_PVRFilteringAtrousPositionSigmaAO: 1
    m_ShowResolutionOverlay: 1
  m_LightingDataAsset: {fileID: 112000002, guid: b6a24c1d18513ec4199c478ca3f1a4be,
    type: 2}
  m_UseShadowmask: 1
--- !u!196 &4
NavMeshSettings:
  serializedVersion: 2
  m_ObjectHideFlags: 0
  m_BuildSettings:
    serializedVersion: 2
    agentTypeID: 0
    agentRadius: 0.5
    agentHeight: 2
    agentSlope: 45
    agentClimb: 0.4
    ledgeDropHeight: 0
    maxJumpAcrossDistance: 0
    minRegionArea: 2
    manualCellSize: 0
    cellSize: 0.16666667
    manualTileSize: 0
    tileSize: 256
    accuratePlacement: 0
    debug:
      m_Flags: 0
  m_NavMeshData: {fileID: 0}
--- !u!1 &15753668
GameObject:
  m_ObjectHideFlags: 0
  m_PrefabParentObject: {fileID: 0}
  m_PrefabInternal: {fileID: 0}
  serializedVersion: 5
  m_Component:
  - component: {fileID: 15753670}
  - component: {fileID: 15753669}
  m_Layer: 9
  m_Name: '[GAME LEVEL]'
  m_TagString: Untagged
  m_Icon: {fileID: 0}
  m_NavMeshLayer: 0
  m_StaticEditorFlags: 0
  m_IsActive: 1
--- !u!114 &15753669
MonoBehaviour:
  m_ObjectHideFlags: 0
  m_PrefabParentObject: {fileID: 0}
  m_PrefabInternal: {fileID: 0}
  m_GameObject: {fileID: 15753668}
  m_Enabled: 1
  m_EditorHideFlags: 0
  m_Script: {fileID: 11500000, guid: 10ce6d91a1a166c43a046652655f0e8d, type: 3}
  m_Name: 
  m_EditorClassIdentifier: 
  Settings: {fileID: 11400000, guid: 4d38034cc4416af43b81514510dc9adc, type: 2}
  GridSizeX: 16
  GridSizeY: 6
  PolarCapsDegrees: 50
  GridRadius: 250
  PlanetRadius: 159
  TileSize: 1
  HasCollectionObjective: 1
  HasScoreObjective: 0
  UFOSpawnMoveCountIntervals: 
  FailMoverCounter: 0
  ScoreBonusMoveCounterOffset: 0
  NullObsticlePrefabs:
  - {fileID: 1000014156812000, guid: 25e6aaeda2fb2154087d75c161f6467a, type: 2}
  - {fileID: 1000013890712226, guid: 7b2957c24ae94b84a8cbc24879320f89, type: 2}
  - {fileID: 1000011527936022, guid: fe6fc7d8c4342b94f9f77fba0ece35a4, type: 2}
  - {fileID: 1000010424573722, guid: 0a1220e8e4083e044bea905b25043615, type: 2}
  ReverseGravity: 0
  NoMidRow: 0
  Score3Stars: 20000
  Score2Stars: 15000
  BombForSquareMatches: 16
  BombForMatch4: 6
  BombForMatch5: 8
  BombForP: 7
  BombForL: 11
  BombForT: 14
  BombForPizza: 15
  BoardMeshOverride:
    HideAllMesh: 0
    ShowGridFace: 2
    ShowGridBorder: 2
    ShowGridLines: 0
    BoardMatFaces: {fileID: 2100000, guid: af99d40793b47304d96fe9e4b946c903, type: 2}
    BoardMatBorder: {fileID: 0}
    GridBorderWidth: 0
    GridLineWidth: 0
    FaceCoversNullTilesInstead: 1
    RadiusOffset: 0
    MeshDivisionsPerTile: 0
  MeshOverrideFields: 0000000000000000000000
  TileProbability:
  - 50
  - 50
  - 50
  - 50
  - 0
  - 0
  - 0
  - 0
  - 0
  - 0
  - 50
  - 0
  - 0
  - 0
  - 0
  - 0
  - 0
  - 0
  - 0
  - 0
  - 0
  - 0
  - 0
  - 0
  - 0
  - 0
  - 0
  - 0
  - 0
  - 0
  NullTileGrid:
    Grid: 000000000000000000000000000000000000000000000000000001010101010000000000000000000000010101010100000000000000000000000101000101000000000000000000000001010101010000000000000000000000010101010100
    GridWidth: 16
    GridHeight: 6
    CellWidth: 1
    CellHeight: 1
    OffSetX: 0
    OffSetY: 0
    W: 16
    H: 6
  TempNullTileGrid:
    Grid: 
    GridWidth: 0
    GridHeight: 0
    CellWidth: 1
    CellHeight: 1
    OffSetX: 0
    OffSetY: 0
    W: 0
    H: 0
  HazardLayers:
  - LayerConfigTemplate: {fileID: 11400000, guid: e66ea3c3bce1c794e956467e4054364e,
      type: 2}
    TintType: 0
    TintColor: {r: 0, g: 0, b: 0, a: 0}
    Grid:
      Grid: 010001000000010000000100010001000101010101010101010101010101010101010101010101010101010101010101010101010101010101010101010101010101010101010101010101010101010100000001000100000001000100000001
      GridWidth: 16
      GridHeight: 6
      CellWidth: 1
      CellHeight: 1
      OffSetX: 0
      OffSetY: 0
      W: 16
      H: 6
  CurrentSelectionSoundID: 0
  HintTimer: 0
--- !u!4 &15753670
Transform:
  m_ObjectHideFlags: 0
  m_PrefabParentObject: {fileID: 0}
  m_PrefabInternal: {fileID: 0}
  m_GameObject: {fileID: 15753668}
  m_LocalRotation: {x: -0, y: -0, z: -0, w: 1}
  m_LocalPosition: {x: 0, y: 0, z: 0}
  m_LocalScale: {x: 1, y: 1, z: 1}
  m_Children:
  - {fileID: 2054556032}
  - {fileID: 1019813792}
  - {fileID: 1654367237}
  - {fileID: 1058365705}
  - {fileID: 1230349639}
  m_Father: {fileID: 1889519150}
  m_RootOrder: 1
  m_LocalEulerAnglesHint: {x: 0, y: 0, z: 0}
--- !u!1 &149770873
GameObject:
  m_ObjectHideFlags: 0
  m_PrefabParentObject: {fileID: 1649327203393824, guid: c0a6ade41f7964b47a0b942e939442c3,
    type: 2}
  m_PrefabInternal: {fileID: 0}
  serializedVersion: 5
  m_Component:
  - component: {fileID: 149770874}
  - component: {fileID: 149770876}
  - component: {fileID: 149770875}
  m_Layer: 0
  m_Name: 'Atmosphere '
  m_TagString: Untagged
  m_Icon: {fileID: 0}
  m_NavMeshLayer: 0
  m_StaticEditorFlags: 4294967295
  m_IsActive: 1
--- !u!4 &149770874
Transform:
  m_ObjectHideFlags: 0
  m_PrefabParentObject: {fileID: 4653618862616392, guid: c0a6ade41f7964b47a0b942e939442c3,
    type: 2}
  m_PrefabInternal: {fileID: 0}
  m_GameObject: {fileID: 149770873}
  m_LocalRotation: {x: -0.688878, y: 0.16365175, z: 0.5201773, w: 0.47757798}
  m_LocalPosition: {x: 0.00012385368, y: -0.000045362, z: 0.000021620286}
  m_LocalScale: {x: 0.7489, y: 0.7489, z: 0.7489}
  m_Children: []
  m_Father: {fileID: 1373095121}
  m_RootOrder: 1
  m_LocalEulerAnglesHint: {x: 0, y: 0, z: 0}
--- !u!23 &149770875
MeshRenderer:
  m_ObjectHideFlags: 0
  m_PrefabParentObject: {fileID: 23503769514246846, guid: c0a6ade41f7964b47a0b942e939442c3,
    type: 2}
  m_PrefabInternal: {fileID: 0}
  m_GameObject: {fileID: 149770873}
  m_Enabled: 1
  m_CastShadows: 0
  m_ReceiveShadows: 0
  m_DynamicOccludee: 1
  m_MotionVectors: 1
  m_LightProbeUsage: 1
  m_ReflectionProbeUsage: 1
  m_Materials:
  - {fileID: 2100000, guid: e4071acd4fb5d3846abd1fe192cc9671, type: 2}
  m_StaticBatchInfo:
    firstSubMesh: 0
    subMeshCount: 0
  m_StaticBatchRoot: {fileID: 0}
  m_ProbeAnchor: {fileID: 0}
  m_LightProbeVolumeOverride: {fileID: 0}
  m_ScaleInLightmap: 1
  m_PreserveUVs: 0
  m_IgnoreNormalsForChartDetection: 0
  m_ImportantGI: 0
  m_StitchLightmapSeams: 0
  m_SelectedEditorRenderState: 3
  m_MinimumChartSize: 4
  m_AutoUVMaxDistance: 0.5
  m_AutoUVMaxAngle: 89
  m_LightmapParameters: {fileID: 0}
  m_SortingLayerID: 0
  m_SortingLayer: 0
  m_SortingOrder: 0
--- !u!33 &149770876
MeshFilter:
  m_ObjectHideFlags: 0
  m_PrefabParentObject: {fileID: 33619930899506272, guid: c0a6ade41f7964b47a0b942e939442c3,
    type: 2}
  m_PrefabInternal: {fileID: 0}
  m_GameObject: {fileID: 149770873}
  m_Mesh: {fileID: 4300004, guid: 4375d80065c8dc74bba60eb936227d67, type: 3}
--- !u!1001 &458694660
Prefab:
  m_ObjectHideFlags: 0
  serializedVersion: 2
  m_Modification:
    m_TransformParent: {fileID: 1889519150}
    m_Modifications:
    - target: {fileID: 4103864306600654, guid: 73e692d57dc38bc419fe0959d813ffee, type: 2}
      propertyPath: m_LocalPosition.x
      value: 0
      objectReference: {fileID: 0}
    - target: {fileID: 4103864306600654, guid: 73e692d57dc38bc419fe0959d813ffee, type: 2}
      propertyPath: m_LocalPosition.y
      value: 0
      objectReference: {fileID: 0}
    - target: {fileID: 4103864306600654, guid: 73e692d57dc38bc419fe0959d813ffee, type: 2}
      propertyPath: m_LocalPosition.z
      value: 0
      objectReference: {fileID: 0}
    - target: {fileID: 4103864306600654, guid: 73e692d57dc38bc419fe0959d813ffee, type: 2}
      propertyPath: m_LocalRotation.x
      value: -0
      objectReference: {fileID: 0}
    - target: {fileID: 4103864306600654, guid: 73e692d57dc38bc419fe0959d813ffee, type: 2}
      propertyPath: m_LocalRotation.y
      value: -0
      objectReference: {fileID: 0}
    - target: {fileID: 4103864306600654, guid: 73e692d57dc38bc419fe0959d813ffee, type: 2}
      propertyPath: m_LocalRotation.z
      value: -0
      objectReference: {fileID: 0}
    - target: {fileID: 4103864306600654, guid: 73e692d57dc38bc419fe0959d813ffee, type: 2}
      propertyPath: m_LocalRotation.w
      value: 1
      objectReference: {fileID: 0}
    - target: {fileID: 4103864306600654, guid: 73e692d57dc38bc419fe0959d813ffee, type: 2}
      propertyPath: m_RootOrder
      value: 0
      objectReference: {fileID: 0}
    - target: {fileID: 114027121551621120, guid: 73e692d57dc38bc419fe0959d813ffee,
        type: 2}
      propertyPath: DialogueParent
      value: 
      objectReference: {fileID: 0}
    - target: {fileID: 114027121551621120, guid: 73e692d57dc38bc419fe0959d813ffee,
        type: 2}
      propertyPath: CharactersParent
      value: 
      objectReference: {fileID: 0}
    - target: {fileID: 114720809510922548, guid: 73e692d57dc38bc419fe0959d813ffee,
        type: 2}
      propertyPath: m_havePropertiesChanged
      value: 1
      objectReference: {fileID: 0}
    - target: {fileID: 114720809510922548, guid: 73e692d57dc38bc419fe0959d813ffee,
        type: 2}
      propertyPath: m_isInputParsingRequired
      value: 1
      objectReference: {fileID: 0}
    - target: {fileID: 4116352808377130, guid: 73e692d57dc38bc419fe0959d813ffee, type: 2}
      propertyPath: m_LocalPosition.z
      value: -888
      objectReference: {fileID: 0}
    m_RemovedComponents: []
  m_ParentPrefab: {fileID: 100100000, guid: 73e692d57dc38bc419fe0959d813ffee, type: 2}
  m_IsPrefabParent: 0
--- !u!4 &458694661 stripped
Transform:
  m_PrefabParentObject: {fileID: 4103864306600654, guid: 73e692d57dc38bc419fe0959d813ffee,
    type: 2}
  m_PrefabInternal: {fileID: 458694660}
--- !u!1 &729090899
GameObject:
  m_ObjectHideFlags: 0
  m_PrefabParentObject: {fileID: 1420689347717086, guid: c0a6ade41f7964b47a0b942e939442c3,
    type: 2}
  m_PrefabInternal: {fileID: 0}
  serializedVersion: 5
  m_Component:
  - component: {fileID: 729090900}
  - component: {fileID: 729090902}
  - component: {fileID: 729090901}
  m_Layer: 0
  m_Name: Planet
  m_TagString: Untagged
  m_Icon: {fileID: 0}
  m_NavMeshLayer: 0
  m_StaticEditorFlags: 4294967295
  m_IsActive: 1
--- !u!4 &729090900
Transform:
  m_ObjectHideFlags: 0
  m_PrefabParentObject: {fileID: 4762119941494406, guid: c0a6ade41f7964b47a0b942e939442c3,
    type: 2}
  m_PrefabInternal: {fileID: 0}
  m_GameObject: {fileID: 729090899}
  m_LocalRotation: {x: -0.68887806, y: 0.1636518, z: 0.5201773, w: 0.47757804}
  m_LocalPosition: {x: 0, y: 0, z: 0}
  m_LocalScale: {x: 0.76843154, y: 0.7684317, z: 0.7684317}
  m_Children: []
  m_Father: {fileID: 1373095121}
  m_RootOrder: 2
  m_LocalEulerAnglesHint: {x: 0, y: 0, z: 0}
--- !u!23 &729090901
MeshRenderer:
  m_ObjectHideFlags: 0
  m_PrefabParentObject: {fileID: 23753584711701988, guid: c0a6ade41f7964b47a0b942e939442c3,
    type: 2}
  m_PrefabInternal: {fileID: 0}
  m_GameObject: {fileID: 729090899}
  m_Enabled: 1
  m_CastShadows: 1
  m_ReceiveShadows: 1
  m_DynamicOccludee: 1
  m_MotionVectors: 1
  m_LightProbeUsage: 1
  m_ReflectionProbeUsage: 1
  m_Materials:
  - {fileID: 2100000, guid: b318d5dc7de065240b53ad23b4958ec4, type: 2}
  m_StaticBatchInfo:
    firstSubMesh: 0
    subMeshCount: 0
  m_StaticBatchRoot: {fileID: 0}
  m_ProbeAnchor: {fileID: 0}
  m_LightProbeVolumeOverride: {fileID: 0}
  m_ScaleInLightmap: 1
  m_PreserveUVs: 0
  m_IgnoreNormalsForChartDetection: 0
  m_ImportantGI: 0
  m_StitchLightmapSeams: 0
  m_SelectedEditorRenderState: 3
  m_MinimumChartSize: 4
  m_AutoUVMaxDistance: 0.5
  m_AutoUVMaxAngle: 89
  m_LightmapParameters: {fileID: 0}
  m_SortingLayerID: 0
  m_SortingLayer: 0
  m_SortingOrder: 0
--- !u!33 &729090902
MeshFilter:
  m_ObjectHideFlags: 0
  m_PrefabParentObject: {fileID: 33008651214272150, guid: c0a6ade41f7964b47a0b942e939442c3,
    type: 2}
  m_PrefabInternal: {fileID: 0}
  m_GameObject: {fileID: 729090899}
  m_Mesh: {fileID: 4300004, guid: 4375d80065c8dc74bba60eb936227d67, type: 3}
--- !u!1001 &911139140
Prefab:
  m_ObjectHideFlags: 0
  serializedVersion: 2
  m_Modification:
    m_TransformParent: {fileID: 1889519150}
    m_Modifications:
    - target: {fileID: 114637769724991948, guid: 25eca110086cc7546b549952a7852c7d,
        type: 2}
      propertyPath: desiredTileTypes.Array.size
      value: 1
      objectReference: {fileID: 0}
    - target: {fileID: 114478199000727454, guid: 25eca110086cc7546b549952a7852c7d,
        type: 2}
      propertyPath: desiredTileTypes.Array.size
      value: 1
      objectReference: {fileID: 0}
    - target: {fileID: 114637769724991948, guid: 25eca110086cc7546b549952a7852c7d,
        type: 2}
      propertyPath: desiredTileCounts.Array.size
      value: 1
      objectReference: {fileID: 0}
    - target: {fileID: 114478199000727454, guid: 25eca110086cc7546b549952a7852c7d,
        type: 2}
      propertyPath: desiredTileCounts.Array.size
      value: 1
      objectReference: {fileID: 0}
    - target: {fileID: 114637769724991948, guid: 25eca110086cc7546b549952a7852c7d,
        type: 2}
      propertyPath: desiredTileSprites.Array.size
      value: 1
      objectReference: {fileID: 0}
    - target: {fileID: 114478199000727454, guid: 25eca110086cc7546b549952a7852c7d,
        type: 2}
      propertyPath: desiredTileSprites.Array.size
      value: 2
      objectReference: {fileID: 0}
    - target: {fileID: 4621089826037320, guid: 25eca110086cc7546b549952a7852c7d, type: 2}
      propertyPath: m_LocalPosition.x
      value: 0
      objectReference: {fileID: 0}
    - target: {fileID: 4621089826037320, guid: 25eca110086cc7546b549952a7852c7d, type: 2}
      propertyPath: m_LocalPosition.y
      value: 0
      objectReference: {fileID: 0}
    - target: {fileID: 4621089826037320, guid: 25eca110086cc7546b549952a7852c7d, type: 2}
      propertyPath: m_LocalPosition.z
      value: 0
      objectReference: {fileID: 0}
    - target: {fileID: 4621089826037320, guid: 25eca110086cc7546b549952a7852c7d, type: 2}
      propertyPath: m_LocalRotation.x
      value: -0
      objectReference: {fileID: 0}
    - target: {fileID: 4621089826037320, guid: 25eca110086cc7546b549952a7852c7d, type: 2}
      propertyPath: m_LocalRotation.y
      value: -0
      objectReference: {fileID: 0}
    - target: {fileID: 4621089826037320, guid: 25eca110086cc7546b549952a7852c7d, type: 2}
      propertyPath: m_LocalRotation.z
      value: -0
      objectReference: {fileID: 0}
    - target: {fileID: 4621089826037320, guid: 25eca110086cc7546b549952a7852c7d, type: 2}
      propertyPath: m_LocalRotation.w
      value: 1
      objectReference: {fileID: 0}
    - target: {fileID: 4621089826037320, guid: 25eca110086cc7546b549952a7852c7d, type: 2}
      propertyPath: m_RootOrder
      value: 2
      objectReference: {fileID: 0}
    - target: {fileID: 114999101908857718, guid: 25eca110086cc7546b549952a7852c7d,
        type: 2}
      propertyPath: nextLevelName
      value: StartScene
      objectReference: {fileID: 0}
    - target: {fileID: 114637769724991948, guid: 25eca110086cc7546b549952a7852c7d,
        type: 2}
      propertyPath: desiredTileSprites.Array.data[0]
      value: 
      objectReference: {fileID: 21300000, guid: c1e249cf2322c754390dd83500ff27bc,
        type: 3}
    - target: {fileID: 114820776301747140, guid: 25eca110086cc7546b549952a7852c7d,
        type: 2}
      propertyPath: m_havePropertiesChanged
      value: 1
      objectReference: {fileID: 0}
    - target: {fileID: 114820776301747140, guid: 25eca110086cc7546b549952a7852c7d,
        type: 2}
      propertyPath: m_isInputParsingRequired
      value: 1
      objectReference: {fileID: 0}
    - target: {fileID: 114484834945994610, guid: 25eca110086cc7546b549952a7852c7d,
        type: 2}
      propertyPath: m_havePropertiesChanged
      value: 1
      objectReference: {fileID: 0}
    - target: {fileID: 114484834945994610, guid: 25eca110086cc7546b549952a7852c7d,
        type: 2}
      propertyPath: m_isInputParsingRequired
      value: 1
      objectReference: {fileID: 0}
    - target: {fileID: 114423281803571388, guid: 25eca110086cc7546b549952a7852c7d,
        type: 2}
      propertyPath: m_havePropertiesChanged
      value: 1
      objectReference: {fileID: 0}
    - target: {fileID: 114423281803571388, guid: 25eca110086cc7546b549952a7852c7d,
        type: 2}
      propertyPath: m_isInputParsingRequired
      value: 1
      objectReference: {fileID: 0}
    - target: {fileID: 114544453618928540, guid: 25eca110086cc7546b549952a7852c7d,
        type: 2}
      propertyPath: m_havePropertiesChanged
      value: 1
      objectReference: {fileID: 0}
    - target: {fileID: 114544453618928540, guid: 25eca110086cc7546b549952a7852c7d,
        type: 2}
      propertyPath: m_isInputParsingRequired
      value: 1
      objectReference: {fileID: 0}
    - target: {fileID: 114046714040999580, guid: 25eca110086cc7546b549952a7852c7d,
        type: 2}
      propertyPath: m_havePropertiesChanged
      value: 1
      objectReference: {fileID: 0}
    - target: {fileID: 114046714040999580, guid: 25eca110086cc7546b549952a7852c7d,
        type: 2}
      propertyPath: m_isInputParsingRequired
      value: 1
      objectReference: {fileID: 0}
    - target: {fileID: 114670864545895088, guid: 25eca110086cc7546b549952a7852c7d,
        type: 2}
      propertyPath: m_havePropertiesChanged
      value: 1
      objectReference: {fileID: 0}
    - target: {fileID: 114670864545895088, guid: 25eca110086cc7546b549952a7852c7d,
        type: 2}
      propertyPath: m_isInputParsingRequired
      value: 1
      objectReference: {fileID: 0}
    - target: {fileID: 114637769724991948, guid: 25eca110086cc7546b549952a7852c7d,
        type: 2}
      propertyPath: desiredTileTypes.Array.data[0]
      value: 10
      objectReference: {fileID: 0}
    - target: {fileID: 114637769724991948, guid: 25eca110086cc7546b549952a7852c7d,
        type: 2}
      propertyPath: desiredTileCounts.Array.data[0]
      value: 15
      objectReference: {fileID: 0}
    - target: {fileID: 114637769724991948, guid: 25eca110086cc7546b549952a7852c7d,
        type: 2}
      propertyPath: ScoreGoal
      value: 30000
      objectReference: {fileID: 0}
    - target: {fileID: 4401192527841646, guid: 25eca110086cc7546b549952a7852c7d, type: 2}
      propertyPath: m_LocalPosition.z
      value: -900
      objectReference: {fileID: 0}
    - target: {fileID: 4524632790109676, guid: 25eca110086cc7546b549952a7852c7d, type: 2}
      propertyPath: m_LocalPosition.z
      value: -880
      objectReference: {fileID: 0}
    - target: {fileID: 224730067460492158, guid: 25eca110086cc7546b549952a7852c7d,
        type: 2}
      propertyPath: m_AnchorMin.y
      value: 0
      objectReference: {fileID: 0}
    - target: {fileID: 224730067460492158, guid: 25eca110086cc7546b549952a7852c7d,
        type: 2}
      propertyPath: m_AnchorMax.y
      value: 0
      objectReference: {fileID: 0}
    - target: {fileID: 224730067460492158, guid: 25eca110086cc7546b549952a7852c7d,
        type: 2}
      propertyPath: m_AnchoredPosition.x
      value: 0
      objectReference: {fileID: 0}
    - target: {fileID: 224730067460492158, guid: 25eca110086cc7546b549952a7852c7d,
        type: 2}
      propertyPath: m_AnchoredPosition.y
      value: 0
      objectReference: {fileID: 0}
    - target: {fileID: 224785350644005294, guid: 25eca110086cc7546b549952a7852c7d,
        type: 2}
      propertyPath: m_AnchorMin.y
      value: 0
      objectReference: {fileID: 0}
    - target: {fileID: 224785350644005294, guid: 25eca110086cc7546b549952a7852c7d,
        type: 2}
      propertyPath: m_AnchorMax.y
      value: 0
      objectReference: {fileID: 0}
    - target: {fileID: 224785350644005294, guid: 25eca110086cc7546b549952a7852c7d,
        type: 2}
      propertyPath: m_AnchoredPosition.x
      value: 0
      objectReference: {fileID: 0}
    - target: {fileID: 224785350644005294, guid: 25eca110086cc7546b549952a7852c7d,
        type: 2}
      propertyPath: m_AnchoredPosition.y
      value: 0
      objectReference: {fileID: 0}
    - target: {fileID: 224374456767575570, guid: 25eca110086cc7546b549952a7852c7d,
        type: 2}
      propertyPath: m_AnchorMin.y
      value: 0
      objectReference: {fileID: 0}
    - target: {fileID: 224374456767575570, guid: 25eca110086cc7546b549952a7852c7d,
        type: 2}
      propertyPath: m_AnchorMax.y
      value: 0
      objectReference: {fileID: 0}
    - target: {fileID: 224374456767575570, guid: 25eca110086cc7546b549952a7852c7d,
        type: 2}
      propertyPath: m_AnchoredPosition.x
      value: 0
      objectReference: {fileID: 0}
    - target: {fileID: 224374456767575570, guid: 25eca110086cc7546b549952a7852c7d,
        type: 2}
      propertyPath: m_AnchoredPosition.y
      value: 0
      objectReference: {fileID: 0}
    - target: {fileID: 224349760099901854, guid: 25eca110086cc7546b549952a7852c7d,
        type: 2}
      propertyPath: m_AnchorMin.y
      value: 0
      objectReference: {fileID: 0}
    - target: {fileID: 224349760099901854, guid: 25eca110086cc7546b549952a7852c7d,
        type: 2}
      propertyPath: m_AnchorMax.y
      value: 0
      objectReference: {fileID: 0}
    - target: {fileID: 224349760099901854, guid: 25eca110086cc7546b549952a7852c7d,
        type: 2}
      propertyPath: m_AnchoredPosition.x
      value: 0
      objectReference: {fileID: 0}
    - target: {fileID: 224349760099901854, guid: 25eca110086cc7546b549952a7852c7d,
        type: 2}
      propertyPath: m_AnchoredPosition.y
      value: 0
      objectReference: {fileID: 0}
    - target: {fileID: 224181582964006034, guid: 25eca110086cc7546b549952a7852c7d,
        type: 2}
      propertyPath: m_AnchorMin.y
      value: 0
      objectReference: {fileID: 0}
    - target: {fileID: 224181582964006034, guid: 25eca110086cc7546b549952a7852c7d,
        type: 2}
      propertyPath: m_AnchorMax.y
      value: 0
      objectReference: {fileID: 0}
    - target: {fileID: 224181582964006034, guid: 25eca110086cc7546b549952a7852c7d,
        type: 2}
      propertyPath: m_AnchoredPosition.x
      value: 0
      objectReference: {fileID: 0}
    - target: {fileID: 224181582964006034, guid: 25eca110086cc7546b549952a7852c7d,
        type: 2}
      propertyPath: m_AnchoredPosition.y
      value: 0
      objectReference: {fileID: 0}
    - target: {fileID: 224504586872969524, guid: 25eca110086cc7546b549952a7852c7d,
        type: 2}
      propertyPath: m_SizeDelta.x
      value: 0
      objectReference: {fileID: 0}
    - target: {fileID: 224504586872969524, guid: 25eca110086cc7546b549952a7852c7d,
        type: 2}
      propertyPath: m_SizeDelta.y
      value: 0
      objectReference: {fileID: 0}
    - target: {fileID: 114478199000727454, guid: 25eca110086cc7546b549952a7852c7d,
        type: 2}
      propertyPath: desiredTileSprites.Array.data[1]
      value: 
      objectReference: {fileID: 21300000, guid: c1e249cf2322c754390dd83500ff27bc,
        type: 3}
    - target: {fileID: 114478199000727454, guid: 25eca110086cc7546b549952a7852c7d,
        type: 2}
      propertyPath: desiredTileSprites.Array.data[0]
      value: 
      objectReference: {fileID: 21300000, guid: bf65106068c5c144795e5d3099c29fc6,
        type: 3}
    - target: {fileID: 114478199000727454, guid: 25eca110086cc7546b549952a7852c7d,
        type: 2}
      propertyPath: desiredTileCounts.Array.data[0]
      value: 15
      objectReference: {fileID: 0}
    - target: {fileID: 114478199000727454, guid: 25eca110086cc7546b549952a7852c7d,
        type: 2}
      propertyPath: desiredTileTypes.Array.data[0]
      value: 10
      objectReference: {fileID: 0}
    - target: {fileID: 114844336121758074, guid: 25eca110086cc7546b549952a7852c7d,
        type: 2}
      propertyPath: m_isInputParsingRequired
      value: 1
      objectReference: {fileID: 0}
    - target: {fileID: 114844336121758074, guid: 25eca110086cc7546b549952a7852c7d,
        type: 2}
      propertyPath: m_hasFontAssetChanged
      value: 0
      objectReference: {fileID: 0}
    - target: {fileID: 114561316727268696, guid: 25eca110086cc7546b549952a7852c7d,
        type: 2}
      propertyPath: m_havePropertiesChanged
      value: 1
      objectReference: {fileID: 0}
    - target: {fileID: 114561316727268696, guid: 25eca110086cc7546b549952a7852c7d,
        type: 2}
      propertyPath: m_isInputParsingRequired
      value: 1
      objectReference: {fileID: 0}
    - target: {fileID: 114942813820621710, guid: 25eca110086cc7546b549952a7852c7d,
        type: 2}
      propertyPath: m_havePropertiesChanged
      value: 1
      objectReference: {fileID: 0}
    - target: {fileID: 114942813820621710, guid: 25eca110086cc7546b549952a7852c7d,
        type: 2}
      propertyPath: m_isInputParsingRequired
      value: 1
      objectReference: {fileID: 0}
    - target: {fileID: 114620771489141106, guid: 25eca110086cc7546b549952a7852c7d,
        type: 2}
      propertyPath: m_havePropertiesChanged
      value: 1
      objectReference: {fileID: 0}
    - target: {fileID: 114620771489141106, guid: 25eca110086cc7546b549952a7852c7d,
        type: 2}
      propertyPath: m_isInputParsingRequired
      value: 1
      objectReference: {fileID: 0}
    - target: {fileID: 114900600686520598, guid: 25eca110086cc7546b549952a7852c7d,
        type: 2}
      propertyPath: m_havePropertiesChanged
      value: 1
      objectReference: {fileID: 0}
    - target: {fileID: 114900600686520598, guid: 25eca110086cc7546b549952a7852c7d,
        type: 2}
      propertyPath: m_isInputParsingRequired
      value: 1
      objectReference: {fileID: 0}
    - target: {fileID: 114210726266770700, guid: 25eca110086cc7546b549952a7852c7d,
        type: 2}
      propertyPath: m_havePropertiesChanged
      value: 1
      objectReference: {fileID: 0}
    - target: {fileID: 114210726266770700, guid: 25eca110086cc7546b549952a7852c7d,
        type: 2}
      propertyPath: m_isInputParsingRequired
      value: 1
      objectReference: {fileID: 0}
    - target: {fileID: 114367947487403436, guid: 25eca110086cc7546b549952a7852c7d,
        type: 2}
      propertyPath: m_havePropertiesChanged
      value: 1
      objectReference: {fileID: 0}
    - target: {fileID: 114367947487403436, guid: 25eca110086cc7546b549952a7852c7d,
        type: 2}
      propertyPath: m_isInputParsingRequired
      value: 1
      objectReference: {fileID: 0}
    - target: {fileID: 114920066856828412, guid: 25eca110086cc7546b549952a7852c7d,
        type: 2}
      propertyPath: m_havePropertiesChanged
      value: 1
      objectReference: {fileID: 0}
    - target: {fileID: 114920066856828412, guid: 25eca110086cc7546b549952a7852c7d,
        type: 2}
      propertyPath: m_isInputParsingRequired
      value: 1
      objectReference: {fileID: 0}
    - target: {fileID: 114783475449622698, guid: 25eca110086cc7546b549952a7852c7d,
        type: 2}
      propertyPath: m_havePropertiesChanged
      value: 1
      objectReference: {fileID: 0}
    - target: {fileID: 114783475449622698, guid: 25eca110086cc7546b549952a7852c7d,
        type: 2}
      propertyPath: m_isInputParsingRequired
      value: 1
      objectReference: {fileID: 0}
    - target: {fileID: 114606363221033366, guid: 25eca110086cc7546b549952a7852c7d,
        type: 2}
      propertyPath: m_havePropertiesChanged
      value: 1
      objectReference: {fileID: 0}
    - target: {fileID: 114606363221033366, guid: 25eca110086cc7546b549952a7852c7d,
        type: 2}
      propertyPath: m_isInputParsingRequired
      value: 1
      objectReference: {fileID: 0}
    - target: {fileID: 114019261074431084, guid: 25eca110086cc7546b549952a7852c7d,
        type: 2}
      propertyPath: m_havePropertiesChanged
      value: 1
      objectReference: {fileID: 0}
    - target: {fileID: 114019261074431084, guid: 25eca110086cc7546b549952a7852c7d,
        type: 2}
      propertyPath: m_isInputParsingRequired
      value: 1
      objectReference: {fileID: 0}
    - target: {fileID: 114394928736064616, guid: 25eca110086cc7546b549952a7852c7d,
        type: 2}
      propertyPath: m_havePropertiesChanged
      value: 1
      objectReference: {fileID: 0}
    - target: {fileID: 114394928736064616, guid: 25eca110086cc7546b549952a7852c7d,
        type: 2}
      propertyPath: m_isInputParsingRequired
      value: 1
      objectReference: {fileID: 0}
    - target: {fileID: 114827485061710226, guid: 25eca110086cc7546b549952a7852c7d,
        type: 2}
      propertyPath: m_isInputParsingRequired
      value: 1
      objectReference: {fileID: 0}
    - target: {fileID: 114827485061710226, guid: 25eca110086cc7546b549952a7852c7d,
        type: 2}
      propertyPath: m_hasFontAssetChanged
      value: 0
      objectReference: {fileID: 0}
    - target: {fileID: 114818598754542122, guid: 25eca110086cc7546b549952a7852c7d,
        type: 2}
      propertyPath: m_havePropertiesChanged
      value: 1
      objectReference: {fileID: 0}
    - target: {fileID: 114818598754542122, guid: 25eca110086cc7546b549952a7852c7d,
        type: 2}
      propertyPath: m_isInputParsingRequired
      value: 1
      objectReference: {fileID: 0}
    - target: {fileID: 114712733212874996, guid: 25eca110086cc7546b549952a7852c7d,
        type: 2}
      propertyPath: m_isInputParsingRequired
      value: 1
      objectReference: {fileID: 0}
    - target: {fileID: 114282086827838298, guid: 25eca110086cc7546b549952a7852c7d,
        type: 2}
      propertyPath: m_havePropertiesChanged
      value: 1
      objectReference: {fileID: 0}
    - target: {fileID: 114282086827838298, guid: 25eca110086cc7546b549952a7852c7d,
        type: 2}
      propertyPath: m_isInputParsingRequired
      value: 1
      objectReference: {fileID: 0}
    - target: {fileID: 114245180134641056, guid: 25eca110086cc7546b549952a7852c7d,
        type: 2}
      propertyPath: m_havePropertiesChanged
      value: 1
      objectReference: {fileID: 0}
    - target: {fileID: 114245180134641056, guid: 25eca110086cc7546b549952a7852c7d,
        type: 2}
      propertyPath: m_isInputParsingRequired
      value: 1
      objectReference: {fileID: 0}
    - target: {fileID: 114232591845405874, guid: 25eca110086cc7546b549952a7852c7d,
        type: 2}
      propertyPath: m_havePropertiesChanged
      value: 1
      objectReference: {fileID: 0}
    - target: {fileID: 114232591845405874, guid: 25eca110086cc7546b549952a7852c7d,
        type: 2}
      propertyPath: m_isInputParsingRequired
      value: 1
      objectReference: {fileID: 0}
    - target: {fileID: 114850903471173308, guid: 25eca110086cc7546b549952a7852c7d,
        type: 2}
      propertyPath: m_havePropertiesChanged
      value: 1
      objectReference: {fileID: 0}
    - target: {fileID: 114850903471173308, guid: 25eca110086cc7546b549952a7852c7d,
        type: 2}
      propertyPath: m_isInputParsingRequired
      value: 1
      objectReference: {fileID: 0}
    - target: {fileID: 114886359315605618, guid: 25eca110086cc7546b549952a7852c7d,
        type: 2}
      propertyPath: m_havePropertiesChanged
      value: 1
      objectReference: {fileID: 0}
    - target: {fileID: 114886359315605618, guid: 25eca110086cc7546b549952a7852c7d,
        type: 2}
      propertyPath: m_isInputParsingRequired
      value: 1
      objectReference: {fileID: 0}
    - target: {fileID: 114965651565721550, guid: 25eca110086cc7546b549952a7852c7d,
        type: 2}
      propertyPath: m_havePropertiesChanged
      value: 1
      objectReference: {fileID: 0}
    - target: {fileID: 114965651565721550, guid: 25eca110086cc7546b549952a7852c7d,
        type: 2}
      propertyPath: m_isInputParsingRequired
      value: 1
      objectReference: {fileID: 0}
    - target: {fileID: 224221770244612728, guid: 25eca110086cc7546b549952a7852c7d,
        type: 2}
      propertyPath: m_AnchoredPosition.y
      value: -0.00018310547
      objectReference: {fileID: 0}
    - target: {fileID: 114827485061710226, guid: 25eca110086cc7546b549952a7852c7d,
        type: 2}
      propertyPath: m_havePropertiesChanged
      value: 1
      objectReference: {fileID: 0}
    - target: {fileID: 114850276197175498, guid: 25eca110086cc7546b549952a7852c7d,
        type: 2}
      propertyPath: m_havePropertiesChanged
      value: 1
      objectReference: {fileID: 0}
    - target: {fileID: 114850276197175498, guid: 25eca110086cc7546b549952a7852c7d,
        type: 2}
      propertyPath: m_isInputParsingRequired
      value: 1
      objectReference: {fileID: 0}
    m_RemovedComponents: []
  m_ParentPrefab: {fileID: 100100000, guid: 25eca110086cc7546b549952a7852c7d, type: 2}
  m_IsPrefabParent: 0
--- !u!4 &911139141 stripped
Transform:
  m_PrefabParentObject: {fileID: 4621089826037320, guid: 25eca110086cc7546b549952a7852c7d,
    type: 2}
  m_PrefabInternal: {fileID: 911139140}
--- !u!1001 &1019813791
Prefab:
  m_ObjectHideFlags: 0
  serializedVersion: 2
  m_Modification:
    m_TransformParent: {fileID: 15753670}
    m_Modifications:
    - target: {fileID: 4923609956763522, guid: 5377e22021c68ba4e9624ee0dde0f9c4, type: 2}
      propertyPath: m_LocalPosition.x
      value: 0
      objectReference: {fileID: 0}
    - target: {fileID: 4923609956763522, guid: 5377e22021c68ba4e9624ee0dde0f9c4, type: 2}
      propertyPath: m_LocalPosition.y
      value: 0
      objectReference: {fileID: 0}
    - target: {fileID: 4923609956763522, guid: 5377e22021c68ba4e9624ee0dde0f9c4, type: 2}
      propertyPath: m_LocalPosition.z
      value: 0
      objectReference: {fileID: 0}
    - target: {fileID: 4923609956763522, guid: 5377e22021c68ba4e9624ee0dde0f9c4, type: 2}
      propertyPath: m_LocalRotation.x
      value: -0
      objectReference: {fileID: 0}
    - target: {fileID: 4923609956763522, guid: 5377e22021c68ba4e9624ee0dde0f9c4, type: 2}
      propertyPath: m_LocalRotation.y
      value: -0
      objectReference: {fileID: 0}
    - target: {fileID: 4923609956763522, guid: 5377e22021c68ba4e9624ee0dde0f9c4, type: 2}
      propertyPath: m_LocalRotation.z
      value: -0
      objectReference: {fileID: 0}
    - target: {fileID: 4923609956763522, guid: 5377e22021c68ba4e9624ee0dde0f9c4, type: 2}
      propertyPath: m_LocalRotation.w
      value: 1
      objectReference: {fileID: 0}
    - target: {fileID: 4923609956763522, guid: 5377e22021c68ba4e9624ee0dde0f9c4, type: 2}
      propertyPath: m_RootOrder
      value: 1
      objectReference: {fileID: 0}
    - target: {fileID: 1900334890332400, guid: 5377e22021c68ba4e9624ee0dde0f9c4, type: 2}
      propertyPath: m_StaticEditorFlags
      value: 4294967295
      objectReference: {fileID: 0}
    - target: {fileID: 1763138145028216, guid: 5377e22021c68ba4e9624ee0dde0f9c4, type: 2}
      propertyPath: m_StaticEditorFlags
      value: 4294967295
      objectReference: {fileID: 0}
    - target: {fileID: 1913732546987374, guid: 5377e22021c68ba4e9624ee0dde0f9c4, type: 2}
      propertyPath: m_StaticEditorFlags
      value: 4294967295
      objectReference: {fileID: 0}
    - target: {fileID: 1816054806620418, guid: 5377e22021c68ba4e9624ee0dde0f9c4, type: 2}
      propertyPath: m_StaticEditorFlags
      value: 4294967295
      objectReference: {fileID: 0}
    - target: {fileID: 1687363741896216, guid: 5377e22021c68ba4e9624ee0dde0f9c4, type: 2}
      propertyPath: m_StaticEditorFlags
      value: 4294967295
      objectReference: {fileID: 0}
    - target: {fileID: 1355696594399272, guid: 5377e22021c68ba4e9624ee0dde0f9c4, type: 2}
      propertyPath: m_StaticEditorFlags
      value: 4294967295
      objectReference: {fileID: 0}
    - target: {fileID: 1826259995541732, guid: 5377e22021c68ba4e9624ee0dde0f9c4, type: 2}
      propertyPath: m_StaticEditorFlags
      value: 4294967295
      objectReference: {fileID: 0}
    - target: {fileID: 1580407121373504, guid: 5377e22021c68ba4e9624ee0dde0f9c4, type: 2}
      propertyPath: m_StaticEditorFlags
      value: 4294967295
      objectReference: {fileID: 0}
    - target: {fileID: 1778668635340882, guid: 5377e22021c68ba4e9624ee0dde0f9c4, type: 2}
      propertyPath: m_StaticEditorFlags
      value: 4294967295
      objectReference: {fileID: 0}
    - target: {fileID: 1772097272025264, guid: 5377e22021c68ba4e9624ee0dde0f9c4, type: 2}
      propertyPath: m_StaticEditorFlags
      value: 4294967295
      objectReference: {fileID: 0}
    - target: {fileID: 1932224839573612, guid: 5377e22021c68ba4e9624ee0dde0f9c4, type: 2}
      propertyPath: m_StaticEditorFlags
      value: 4294967295
      objectReference: {fileID: 0}
    - target: {fileID: 1439581768862138, guid: 5377e22021c68ba4e9624ee0dde0f9c4, type: 2}
      propertyPath: m_StaticEditorFlags
      value: 4294967295
      objectReference: {fileID: 0}
    - target: {fileID: 1848312251459558, guid: 5377e22021c68ba4e9624ee0dde0f9c4, type: 2}
      propertyPath: m_StaticEditorFlags
      value: 4294967295
      objectReference: {fileID: 0}
    - target: {fileID: 1971937194886822, guid: 5377e22021c68ba4e9624ee0dde0f9c4, type: 2}
      propertyPath: m_StaticEditorFlags
      value: 4294967295
      objectReference: {fileID: 0}
    - target: {fileID: 1512587488766870, guid: 5377e22021c68ba4e9624ee0dde0f9c4, type: 2}
      propertyPath: m_StaticEditorFlags
      value: 4294967295
      objectReference: {fileID: 0}
    - target: {fileID: 1723649916470354, guid: 5377e22021c68ba4e9624ee0dde0f9c4, type: 2}
      propertyPath: m_StaticEditorFlags
      value: 4294967295
      objectReference: {fileID: 0}
    - target: {fileID: 1171654208934092, guid: 5377e22021c68ba4e9624ee0dde0f9c4, type: 2}
      propertyPath: m_StaticEditorFlags
      value: 4294967295
      objectReference: {fileID: 0}
    - target: {fileID: 1623996266975458, guid: 5377e22021c68ba4e9624ee0dde0f9c4, type: 2}
      propertyPath: m_StaticEditorFlags
      value: 4294967295
      objectReference: {fileID: 0}
    - target: {fileID: 1958859030429220, guid: 5377e22021c68ba4e9624ee0dde0f9c4, type: 2}
      propertyPath: m_StaticEditorFlags
      value: 4294967295
      objectReference: {fileID: 0}
    - target: {fileID: 1272183367030692, guid: 5377e22021c68ba4e9624ee0dde0f9c4, type: 2}
      propertyPath: m_StaticEditorFlags
      value: 4294967295
      objectReference: {fileID: 0}
    - target: {fileID: 1918082991461490, guid: 5377e22021c68ba4e9624ee0dde0f9c4, type: 2}
      propertyPath: m_StaticEditorFlags
      value: 4294967295
      objectReference: {fileID: 0}
    - target: {fileID: 1426226230841024, guid: 5377e22021c68ba4e9624ee0dde0f9c4, type: 2}
      propertyPath: m_StaticEditorFlags
      value: 4294967295
      objectReference: {fileID: 0}
    - target: {fileID: 1171654208934092, guid: 5377e22021c68ba4e9624ee0dde0f9c4, type: 2}
      propertyPath: m_IsActive
      value: 1
      objectReference: {fileID: 0}
    - target: {fileID: 23818254647278768, guid: 5377e22021c68ba4e9624ee0dde0f9c4,
        type: 2}
      propertyPath: m_Materials.Array.data[0]
      value: 
      objectReference: {fileID: 2100000, guid: 850951f8f19ff9a4fbc780d1202fa671, type: 2}
    m_RemovedComponents: []
  m_ParentPrefab: {fileID: 100100000, guid: 5377e22021c68ba4e9624ee0dde0f9c4, type: 2}
  m_IsPrefabParent: 0
--- !u!4 &1019813792 stripped
Transform:
  m_PrefabParentObject: {fileID: 4923609956763522, guid: 5377e22021c68ba4e9624ee0dde0f9c4,
    type: 2}
  m_PrefabInternal: {fileID: 1019813791}
--- !u!1 &1058365704
GameObject:
  m_ObjectHideFlags: 0
  m_PrefabParentObject: {fileID: 0}
  m_PrefabInternal: {fileID: 0}
  serializedVersion: 5
  m_Component:
  - component: {fileID: 1058365705}
  m_Layer: 0
  m_Name: Planet Visuals
  m_TagString: Untagged
  m_Icon: {fileID: 0}
  m_NavMeshLayer: 0
  m_StaticEditorFlags: 4294967295
  m_IsActive: 0
--- !u!4 &1058365705
Transform:
  m_ObjectHideFlags: 0
  m_PrefabParentObject: {fileID: 0}
  m_PrefabInternal: {fileID: 0}
  m_GameObject: {fileID: 1058365704}
  m_LocalRotation: {x: 0, y: 0, z: 0, w: 1}
  m_LocalPosition: {x: 0, y: 0, z: 0}
  m_LocalScale: {x: 1, y: 1, z: 1}
  m_Children:
  - {fileID: 1373095121}
  m_Father: {fileID: 15753670}
  m_RootOrder: 3
  m_LocalEulerAnglesHint: {x: 0, y: 0, z: 0}
--- !u!1001 &1230349638
Prefab:
  m_ObjectHideFlags: 0
  serializedVersion: 2
  m_Modification:
    m_TransformParent: {fileID: 15753670}
    m_Modifications:
    - target: {fileID: 4478110229349204, guid: 65a33192499226b498d7a453c241126e, type: 2}
      propertyPath: m_LocalPosition.x
      value: 0
      objectReference: {fileID: 0}
    - target: {fileID: 4478110229349204, guid: 65a33192499226b498d7a453c241126e, type: 2}
      propertyPath: m_LocalPosition.y
      value: -185
      objectReference: {fileID: 0}
    - target: {fileID: 4478110229349204, guid: 65a33192499226b498d7a453c241126e, type: 2}
      propertyPath: m_LocalPosition.z
      value: 0
      objectReference: {fileID: 0}
    - target: {fileID: 4478110229349204, guid: 65a33192499226b498d7a453c241126e, type: 2}
      propertyPath: m_LocalRotation.x
      value: 0.96360016
      objectReference: {fileID: 0}
    - target: {fileID: 4478110229349204, guid: 65a33192499226b498d7a453c241126e, type: 2}
      propertyPath: m_LocalRotation.y
      value: 0
      objectReference: {fileID: 0}
    - target: {fileID: 4478110229349204, guid: 65a33192499226b498d7a453c241126e, type: 2}
      propertyPath: m_LocalRotation.z
      value: -0.26734766
      objectReference: {fileID: 0}
    - target: {fileID: 4478110229349204, guid: 65a33192499226b498d7a453c241126e, type: 2}
      propertyPath: m_LocalRotation.w
      value: 0
      objectReference: {fileID: 0}
    - target: {fileID: 4478110229349204, guid: 65a33192499226b498d7a453c241126e, type: 2}
      propertyPath: m_RootOrder
      value: 4
      objectReference: {fileID: 0}
    - target: {fileID: 4478110229349204, guid: 65a33192499226b498d7a453c241126e, type: 2}
      propertyPath: m_LocalScale.x
      value: 2.8
      objectReference: {fileID: 0}
    - target: {fileID: 4478110229349204, guid: 65a33192499226b498d7a453c241126e, type: 2}
      propertyPath: m_LocalScale.y
      value: 2.8
      objectReference: {fileID: 0}
    - target: {fileID: 4478110229349204, guid: 65a33192499226b498d7a453c241126e, type: 2}
      propertyPath: m_LocalScale.z
      value: 2.8
      objectReference: {fileID: 0}
    - target: {fileID: 4478110229349204, guid: 65a33192499226b498d7a453c241126e, type: 2}
      propertyPath: m_LocalEulerAnglesHint.x
      value: 180
      objectReference: {fileID: 0}
    - target: {fileID: 4478110229349204, guid: 65a33192499226b498d7a453c241126e, type: 2}
      propertyPath: m_LocalEulerAnglesHint.y
      value: 31.013
      objectReference: {fileID: 0}
    - target: {fileID: 4478110229349204, guid: 65a33192499226b498d7a453c241126e, type: 2}
      propertyPath: m_LocalEulerAnglesHint.z
      value: 0
      objectReference: {fileID: 0}
    - target: {fileID: 1553266430994904, guid: 65a33192499226b498d7a453c241126e, type: 2}
      propertyPath: m_Name
      value: Aurora (1)
      objectReference: {fileID: 0}
    - target: {fileID: 198291212155507662, guid: 65a33192499226b498d7a453c241126e,
        type: 2}
      propertyPath: randomSeed
      value: 397509948
      objectReference: {fileID: 0}
    - target: {fileID: 198302521472326968, guid: 65a33192499226b498d7a453c241126e,
        type: 2}
      propertyPath: randomSeed
      value: -1348117496
      objectReference: {fileID: 0}
    m_RemovedComponents: []
  m_ParentPrefab: {fileID: 100100000, guid: 65a33192499226b498d7a453c241126e, type: 2}
  m_IsPrefabParent: 0
--- !u!4 &1230349639 stripped
Transform:
  m_PrefabParentObject: {fileID: 4478110229349204, guid: 65a33192499226b498d7a453c241126e,
    type: 2}
  m_PrefabInternal: {fileID: 1230349638}
--- !u!1 &1373095120
GameObject:
  m_ObjectHideFlags: 0
  m_PrefabParentObject: {fileID: 1871520066139796, guid: c0a6ade41f7964b47a0b942e939442c3,
    type: 2}
  m_PrefabInternal: {fileID: 0}
  serializedVersion: 5
  m_Component:
  - component: {fileID: 1373095121}
  - component: {fileID: 1373095122}
  m_Layer: 8
  m_Name: Titawin
  m_TagString: Untagged
  m_Icon: {fileID: 0}
  m_NavMeshLayer: 0
  m_StaticEditorFlags: 4294967295
  m_IsActive: 1
--- !u!4 &1373095121
Transform:
  m_ObjectHideFlags: 0
  m_PrefabParentObject: {fileID: 4312746764018008, guid: c0a6ade41f7964b47a0b942e939442c3,
    type: 2}
  m_PrefabInternal: {fileID: 0}
  m_GameObject: {fileID: 1373095120}
  m_LocalRotation: {x: -0, y: -0, z: -0, w: 1}
  m_LocalPosition: {x: 0, y: 0, z: 0}
  m_LocalScale: {x: 5.932553, y: 5.93255, z: 5.93255}
  m_Children:
  - {fileID: 1994170824}
  - {fileID: 149770874}
  - {fileID: 729090900}
  m_Father: {fileID: 1058365705}
  m_RootOrder: 0
  m_LocalEulerAnglesHint: {x: 0, y: 0, z: 0}
--- !u!135 &1373095122
SphereCollider:
  m_ObjectHideFlags: 0
  m_PrefabParentObject: {fileID: 135823404023053214, guid: c0a6ade41f7964b47a0b942e939442c3,
    type: 2}
  m_PrefabInternal: {fileID: 0}
  m_GameObject: {fileID: 1373095120}
  m_Material: {fileID: 0}
  m_IsTrigger: 0
  m_Enabled: 1
  serializedVersion: 2
  m_Radius: 26.883686
  m_Center: {x: 0, y: 0, z: 0}
--- !u!1001 &1654367236
Prefab:
  m_ObjectHideFlags: 0
  serializedVersion: 2
  m_Modification:
    m_TransformParent: {fileID: 15753670}
    m_Modifications:
    - target: {fileID: 4093058007230598, guid: 9fdd111b2e314cb48b5c7132740b1feb, type: 2}
      propertyPath: m_LocalPosition.x
      value: 0
      objectReference: {fileID: 0}
    - target: {fileID: 4093058007230598, guid: 9fdd111b2e314cb48b5c7132740b1feb, type: 2}
      propertyPath: m_LocalPosition.y
      value: 0
      objectReference: {fileID: 0}
    - target: {fileID: 4093058007230598, guid: 9fdd111b2e314cb48b5c7132740b1feb, type: 2}
      propertyPath: m_LocalPosition.z
      value: 0
      objectReference: {fileID: 0}
    - target: {fileID: 4093058007230598, guid: 9fdd111b2e314cb48b5c7132740b1feb, type: 2}
      propertyPath: m_LocalRotation.x
      value: 0.14971237
      objectReference: {fileID: 0}
    - target: {fileID: 4093058007230598, guid: 9fdd111b2e314cb48b5c7132740b1feb, type: 2}
      propertyPath: m_LocalRotation.y
      value: 0.06504218
      objectReference: {fileID: 0}
    - target: {fileID: 4093058007230598, guid: 9fdd111b2e314cb48b5c7132740b1feb, type: 2}
      propertyPath: m_LocalRotation.z
      value: 0.59464204
      objectReference: {fileID: 0}
    - target: {fileID: 4093058007230598, guid: 9fdd111b2e314cb48b5c7132740b1feb, type: 2}
      propertyPath: m_LocalRotation.w
      value: 0.7872462
      objectReference: {fileID: 0}
    - target: {fileID: 4093058007230598, guid: 9fdd111b2e314cb48b5c7132740b1feb, type: 2}
      propertyPath: m_RootOrder
      value: 2
      objectReference: {fileID: 0}
    - target: {fileID: 4093058007230598, guid: 9fdd111b2e314cb48b5c7132740b1feb, type: 2}
      propertyPath: m_LocalScale.x
      value: 19
      objectReference: {fileID: 0}
    - target: {fileID: 4093058007230598, guid: 9fdd111b2e314cb48b5c7132740b1feb, type: 2}
      propertyPath: m_LocalScale.y
      value: 19
      objectReference: {fileID: 0}
    - target: {fileID: 4093058007230598, guid: 9fdd111b2e314cb48b5c7132740b1feb, type: 2}
      propertyPath: m_LocalScale.z
      value: 19
      objectReference: {fileID: 0}
    - target: {fileID: 4093058007230598, guid: 9fdd111b2e314cb48b5c7132740b1feb, type: 2}
      propertyPath: m_LocalEulerAnglesHint.y
      value: 16.502
      objectReference: {fileID: 0}
    - target: {fileID: 4093058007230598, guid: 9fdd111b2e314cb48b5c7132740b1feb, type: 2}
      propertyPath: m_LocalEulerAnglesHint.z
      value: 75.455
      objectReference: {fileID: 0}
    - target: {fileID: 4093058007230598, guid: 9fdd111b2e314cb48b5c7132740b1feb, type: 2}
      propertyPath: m_LocalEulerAnglesHint.x
      value: 9.112
      objectReference: {fileID: 0}
    m_RemovedComponents: []
  m_ParentPrefab: {fileID: 100100000, guid: 9fdd111b2e314cb48b5c7132740b1feb, type: 2}
  m_IsPrefabParent: 0
--- !u!4 &1654367237 stripped
Transform:
  m_PrefabParentObject: {fileID: 4093058007230598, guid: 9fdd111b2e314cb48b5c7132740b1feb,
    type: 2}
  m_PrefabInternal: {fileID: 1654367236}
--- !u!1 &1889519149
GameObject:
  m_ObjectHideFlags: 0
  m_PrefabParentObject: {fileID: 0}
  m_PrefabInternal: {fileID: 0}
  serializedVersion: 5
  m_Component:
  - component: {fileID: 1889519150}
  - component: {fileID: 1889519151}
  m_Layer: 0
  m_Name: SceneRoot
  m_TagString: Untagged
  m_Icon: {fileID: 0}
  m_NavMeshLayer: 0
  m_StaticEditorFlags: 0
  m_IsActive: 1
--- !u!4 &1889519150
Transform:
  m_ObjectHideFlags: 0
  m_PrefabParentObject: {fileID: 0}
  m_PrefabInternal: {fileID: 0}
  m_GameObject: {fileID: 1889519149}
  m_LocalRotation: {x: 0, y: 0, z: 0, w: 1}
  m_LocalPosition: {x: 0, y: 0, z: 0}
  m_LocalScale: {x: 1, y: 1, z: 1}
  m_Children:
  - {fileID: 458694661}
  - {fileID: 15753670}
  - {fileID: 911139141}
  m_Father: {fileID: 0}
  m_RootOrder: 0
  m_LocalEulerAnglesHint: {x: 0, y: 0, z: 0}
--- !u!114 &1889519151
MonoBehaviour:
  m_ObjectHideFlags: 0
  m_PrefabParentObject: {fileID: 0}
  m_PrefabInternal: {fileID: 0}
  m_GameObject: {fileID: 1889519149}
  m_Enabled: 1
  m_EditorHideFlags: 0
  m_Script: {fileID: 11500000, guid: 7e835f79506e4cd41b639b3475dc9f8c, type: 3}
  m_Name: 
  m_EditorClassIdentifier: 
--- !u!1 &1994170823
GameObject:
  m_ObjectHideFlags: 0
  m_PrefabParentObject: {fileID: 1172889216164832, guid: c0a6ade41f7964b47a0b942e939442c3,
    type: 2}
  m_PrefabInternal: {fileID: 0}
  serializedVersion: 5
  m_Component:
  - component: {fileID: 1994170824}
  - component: {fileID: 1994170826}
  - component: {fileID: 1994170825}
  m_Layer: 0
  m_Name: CityASkewed01
  m_TagString: Untagged
  m_Icon: {fileID: 0}
  m_NavMeshLayer: 0
  m_StaticEditorFlags: 4294967295
  m_IsActive: 1
--- !u!4 &1994170824
Transform:
  m_ObjectHideFlags: 0
  m_PrefabParentObject: {fileID: 4122782150247330, guid: c0a6ade41f7964b47a0b942e939442c3,
    type: 2}
  m_PrefabInternal: {fileID: 0}
  m_GameObject: {fileID: 1994170823}
  m_LocalRotation: {x: -0.008957953, y: -0.07425601, z: 0.06356443, w: 0.99517107}
  m_LocalPosition: {x: -4.2140374, y: 37.386963, z: -1.2304996}
  m_LocalScale: {x: 0.0025438229, y: 0.0025438236, z: 0.0025438233}
  m_Children: []
  m_Father: {fileID: 1373095121}
  m_RootOrder: 0
  m_LocalEulerAnglesHint: {x: -0.48100004, y: -8.565001, z: 7.3450003}
--- !u!23 &1994170825
MeshRenderer:
  m_ObjectHideFlags: 0
  m_PrefabParentObject: {fileID: 23327412531064184, guid: c0a6ade41f7964b47a0b942e939442c3,
    type: 2}
  m_PrefabInternal: {fileID: 0}
  m_GameObject: {fileID: 1994170823}
  m_Enabled: 1
  m_CastShadows: 1
  m_ReceiveShadows: 1
  m_DynamicOccludee: 1
  m_MotionVectors: 1
  m_LightProbeUsage: 1
  m_ReflectionProbeUsage: 1
  m_Materials:
  - {fileID: 2100000, guid: 2768485f4c9b9ef469c470a406ef394c, type: 2}
  - {fileID: 2100000, guid: 2768485f4c9b9ef469c470a406ef394c, type: 2}
  m_StaticBatchInfo:
    firstSubMesh: 0
    subMeshCount: 0
  m_StaticBatchRoot: {fileID: 0}
  m_ProbeAnchor: {fileID: 0}
  m_LightProbeVolumeOverride: {fileID: 0}
  m_ScaleInLightmap: 1
  m_PreserveUVs: 0
  m_IgnoreNormalsForChartDetection: 0
  m_ImportantGI: 0
  m_StitchLightmapSeams: 0
  m_SelectedEditorRenderState: 3
  m_MinimumChartSize: 4
  m_AutoUVMaxDistance: 0.5
  m_AutoUVMaxAngle: 89
  m_LightmapParameters: {fileID: 0}
  m_SortingLayerID: 0
  m_SortingLayer: 0
  m_SortingOrder: 0
--- !u!33 &1994170826
MeshFilter:
  m_ObjectHideFlags: 0
  m_PrefabParentObject: {fileID: 33449212898131548, guid: c0a6ade41f7964b47a0b942e939442c3,
    type: 2}
  m_PrefabInternal: {fileID: 0}
  m_GameObject: {fileID: 1994170823}
  m_Mesh: {fileID: 4300000, guid: f590703218582fb448df62977a873352, type: 3}
--- !u!1001 &2054556031
Prefab:
  m_ObjectHideFlags: 0
  serializedVersion: 2
  m_Modification:
    m_TransformParent: {fileID: 15753670}
    m_Modifications:
    - target: {fileID: 4478110229349204, guid: 65a33192499226b498d7a453c241126e, type: 2}
      propertyPath: m_LocalPosition.x
      value: 0
      objectReference: {fileID: 0}
    - target: {fileID: 4478110229349204, guid: 65a33192499226b498d7a453c241126e, type: 2}
      propertyPath: m_LocalPosition.y
      value: 185
      objectReference: {fileID: 0}
    - target: {fileID: 4478110229349204, guid: 65a33192499226b498d7a453c241126e, type: 2}
      propertyPath: m_LocalPosition.z
      value: 0
      objectReference: {fileID: 0}
    - target: {fileID: 4478110229349204, guid: 65a33192499226b498d7a453c241126e, type: 2}
      propertyPath: m_LocalRotation.x
      value: 0
      objectReference: {fileID: 0}
    - target: {fileID: 4478110229349204, guid: 65a33192499226b498d7a453c241126e, type: 2}
      propertyPath: m_LocalRotation.y
      value: 0.26734766
      objectReference: {fileID: 0}
    - target: {fileID: 4478110229349204, guid: 65a33192499226b498d7a453c241126e, type: 2}
      propertyPath: m_LocalRotation.z
      value: 0
      objectReference: {fileID: 0}
    - target: {fileID: 4478110229349204, guid: 65a33192499226b498d7a453c241126e, type: 2}
      propertyPath: m_LocalRotation.w
      value: 0.96360016
      objectReference: {fileID: 0}
    - target: {fileID: 4478110229349204, guid: 65a33192499226b498d7a453c241126e, type: 2}
      propertyPath: m_RootOrder
      value: 0
      objectReference: {fileID: 0}
    - target: {fileID: 4478110229349204, guid: 65a33192499226b498d7a453c241126e, type: 2}
      propertyPath: m_LocalScale.x
      value: 2.8000004
      objectReference: {fileID: 0}
    - target: {fileID: 4478110229349204, guid: 65a33192499226b498d7a453c241126e, type: 2}
      propertyPath: m_LocalScale.y
      value: 2.8000014
      objectReference: {fileID: 0}
    - target: {fileID: 4478110229349204, guid: 65a33192499226b498d7a453c241126e, type: 2}
      propertyPath: m_LocalScale.z
      value: 2.800001
      objectReference: {fileID: 0}
    - target: {fileID: 4478110229349204, guid: 65a33192499226b498d7a453c241126e, type: 2}
      propertyPath: m_LocalEulerAnglesHint.x
      value: 0
      objectReference: {fileID: 0}
    - target: {fileID: 4478110229349204, guid: 65a33192499226b498d7a453c241126e, type: 2}
      propertyPath: m_LocalEulerAnglesHint.y
      value: 31.013
      objectReference: {fileID: 0}
    - target: {fileID: 4478110229349204, guid: 65a33192499226b498d7a453c241126e, type: 2}
      propertyPath: m_LocalEulerAnglesHint.z
      value: 0
      objectReference: {fileID: 0}
    m_RemovedComponents: []
  m_ParentPrefab: {fileID: 100100000, guid: 65a33192499226b498d7a453c241126e, type: 2}
  m_IsPrefabParent: 0
--- !u!4 &2054556032 stripped
Transform:
  m_PrefabParentObject: {fileID: 4478110229349204, guid: 65a33192499226b498d7a453c241126e,
    type: 2}
  m_PrefabInternal: {fileID: 2054556031}
